<?xml version="1.0" encoding="UTF-8"?>
<!DOCTYPE html PUBLIC "-//W3C//DTD XHTML 1.0 Transitional//EN"
    "http://www.w3.org/TR/xhtml1/DTD/xhtml1-transitional.dtd">
<html xmlns="http://www.w3.org/1999/xhtml" xml:lang="en" lang="en">
 <head>
  <title>
</title>
<meta http-equiv="Content-Type" content="text/html;charset=utf-8" />
  <meta name='ocr-system' content='tesseract 3.04.00' />
  <meta name='ocr-capabilities' content='ocr_page ocr_carea ocr_par ocr_line ocrx_word'/>
</head>
<body>
  <div class='ocr_page' id='page_1' title='image "./scidaehoratiana00gillgoog_0026.png"; bbox 0 0 4257 5461; ppageno 0'>
   <div class='ocr_carea' id='block_1_1' title="bbox 2317 222 2516 318">
    <p class='ocr_par' dir='ltr' id='par_1_1' title="bbox 2317 222 2516 318">
     <span class='ocr_line' id='line_1_1' title="bbox 2317 222 2516 318; baseline 0.005 -1"><span class='ocrx_word' id='word_1_1' title='bbox 2317 222 2516 318; x_wconf 68' lang='lat'><strong>&#39;19</strong></span> 
     </span>
    </p>
   </div>
   <div class='ocr_carea' id='block_1_2' title="bbox 2280 338 2686 350">
    <p class='ocr_par' dir='ltr' id='par_1_2' title="bbox 2280 338 2686 350">
     <span class='ocr_line' id='line_1_2' title="bbox 2280 338 2686 350; baseline 0 5111"><span class='ocrx_word' id='word_1_2' title='bbox 2280 338 2686 350; x_wconf 95' lang='lat' dir='ltr'><strong> </strong></span> 
     </span>
    </p>
   </div>
   <div class='ocr_carea' id='block_1_3' title="bbox 1547 455 3422 541">
    <p class='ocr_par' dir='ltr' id='par_1_3' title="bbox 1547 455 3422 541">
     <span class='ocr_line' id='line_1_3' title="bbox 1547 455 3422 541; baseline 0.001 -18"><span class='ocrx_word' id='word_1_3' title='bbox 1547 459 1751 525; x_wconf 80' lang='lat' dir='ltr'><strong>Hane</strong></span> <span class='ocrx_word' id='word_1_4' title='bbox 1796 457 2032 541; x_wconf 80' lang='lat' dir='ltr'><strong>igitur</strong></span> <span class='ocrx_word' id='word_1_5' title='bbox 2073 455 2449 541; x_wconf 77' lang='lat' dir='ltr'><strong>archetypi</strong></span> <span class='ocrx_word' id='word_1_6' title='bbox 2493 455 2801 524; x_wconf 79' lang='lat' dir='ltr'><strong>formam</strong></span> <span class='ocrx_word' id='word_1_7' title='bbox 2843 457 3170 538; x_wconf 76' lang='lat' dir='ltr'><strong>intellegi</strong></span> <span class='ocrx_word' id='word_1_8' title='bbox 3216 457 3422 524; x_wconf 82' lang='lat' dir='ltr'><strong>volo:</strong></span> 
     </span>
    </p>
   </div>
   <div class='ocr_carea' id='block_1_4' title="bbox 1259 602 3700 735">
    <p class='ocr_par' dir='ltr' id='par_1_4' title="bbox 1259 602 3700 735">
     <span class='ocr_line' id='line_1_4' title="bbox 1259 602 3700 735; baseline -0.001 -22"><span class='ocrx_word' id='word_1_9' title='bbox 1259 648 1509 735; x_wconf 80' lang='lat' dir='ltr'><strong>Pagina</strong></span> <span class='ocrx_word' id='word_1_10' title='bbox 1553 647 1745 733; x_wconf 84' lang='lat' dir='ltr'><strong>prior.</strong></span> <span class='ocrx_word' id='word_1_11' title='bbox 2082 729 2086 733; x_wconf 85' lang='lat'><em>.</em></span> <span class='ocrx_word' id='word_1_12' title='bbox 2135 602 2140 607; x_wconf 17' lang='grc' dir='ltr'>ι</span> <span class='ocrx_word' id='word_1_13' title='bbox 2419 664 2421 668; x_wconf 69' lang='grc'><strong>“</strong></span> <span class='ocrx_word' id='word_1_14' title='bbox 3074 648 3324 730; x_wconf 84' lang='lat' dir='ltr'><strong>Pagina</strong></span> <span class='ocrx_word' id='word_1_15' title='bbox 3367 649 3700 732; x_wconf 79' lang='lat' dir='ltr'><strong>posterior.</strong></span> 
     </span>
    </p>
   </div>
   <div class='ocr_carea' id='block_1_5' title="bbox 2642 866 3978 1213">
    <p class='ocr_par' dir='ltr' id='par_1_5' title="bbox 2642 866 4142 1213">
     <span class='ocr_line' id='line_1_5' title="bbox 2642 866 3978 955; baseline 0.003 -24"><span class='ocrx_word' id='word_1_16' title='bbox 2642 868 2736 934; x_wconf 86' lang='lat' dir='ltr'><strong>hs.</strong></span> <span class='ocrx_word' id='word_1_17' title='bbox 2776 871 2816 944; x_wconf 86' lang='grc'><strong>6)</strong></span> <span class='ocrx_word' id='word_1_18' title='bbox 2849 870 2907 936; x_wconf 85' lang='lat' dir='ltr'><strong>llo</strong></span> <span class='ocrx_word' id='word_1_19' title='bbox 2936 871 3107 953; x_wconf 80' lang='lat' dir='ltr'><strong>quamvis</strong></span> <span class='ocrx_word' id='word_1_20' title='bbox 3136 870 3289 937; x_wconf 77' lang='lat' dir='ltr'><strong>Lamiae</strong></span> <span class='ocrx_word' id='word_1_21' title='bbox 3319 871 3448 955; x_wconf 82' lang='lat' dir='ltr'><strong>pietas</strong></span> <span class='ocrx_word' id='word_1_22' title='bbox 3478 875 3519 936; x_wconf 87' lang='lat' dir='ltr'><strong>et</strong></span> <span class='ocrx_word' id='word_1_23' title='bbox 3549 887 3646 936; x_wconf 86' lang='lat' dir='ltr'><strong>eura</strong></span> <span class='ocrx_word' id='word_1_24' title='bbox 3671 866 3880 936; x_wconf 65' lang='lat' dir='ltr'><strong>moratu‘i&#39;</strong></span> <span class='ocrx_word' id='word_1_25' title='bbox 3973 875 3978 879; x_wconf 82' lang='grc'><strong>’</strong></span> 
     </span>
     <span class='ocr_line' id='line_1_6' title="bbox 2773 955 3811 1040; baseline -0.001 -18"><span class='ocrx_word' id='word_1_26' title='bbox 2773 958 2812 1033; x_wconf 93' lang='grc'><strong>7)</strong></span> <span class='ocrx_word' id='word_1_27' title='bbox 2847 955 3006 1022; x_wconf 75' lang='lat' dir='ltr'><strong>tratrem</strong></span> <span class='ocrx_word' id='word_1_28' title='bbox 3035 958 3242 1023; x_wconf 85' lang='lat' dir='ltr'><strong>maerentis</strong></span> <span class='ocrx_word' id='word_1_29' title='bbox 3272 962 3387 1040; x_wconf 86' lang='lat' dir='ltr'><strong>rapto</strong></span> <span class='ocrx_word' id='word_1_30' title='bbox 3416 957 3463 1022; x_wconf 87' lang='lat' dir='ltr'><strong>do</strong></span> <span class='ocrx_word' id='word_1_31' title='bbox 3493 955 3620 1023; x_wconf 77' lang='lat' dir='ltr'><strong>fratre</strong></span> <span class='ocrx_word' id='word_1_32' title='bbox 3647 957 3811 1023; x_wconf 84' lang='lat' dir='ltr'><strong>delentis</strong></span> 
     </span>
     <span class='ocr_line' id='line_1_7' title="bbox 2772 1042 3801 1126; baseline 0.001 -19"><span class='ocrx_word' id='word_1_33' title='bbox 2772 1042 2811 1119; x_wconf 87' lang='grc'><strong>8)</strong></span> <span class='ocrx_word' id='word_1_34' title='bbox 2844 1042 3119 1121; x_wconf 74' lang='lat' dir='ltr'><strong>insolabiliter,</strong></span> <span class='ocrx_word' id='word_1_35' title='bbox 3154 1054 3282 1110; x_wconf 83' lang='lat' dir='ltr'><strong>tamon</strong></span> <span class='ocrx_word' id='word_1_36' title='bbox 3313 1045 3418 1108; x_wconf 86' lang='lat' dir='ltr'><strong>istun</strong></span> <span class='ocrx_word' id='word_1_37' title='bbox 3447 1061 3547 1108; x_wconf 89' lang='lat' dir='ltr'><strong>mons</strong></span> <span class='ocrx_word' id='word_1_38' title='bbox 3576 1043 3801 1126; x_wconf 83' lang='lat' dir='ltr'><strong>animusque</strong></span> 
     </span>
     <span class='ocr_line' id='line_1_8' title="bbox 2774 1128 3949 1213; baseline -0.003 -19"><span class='ocrx_word' id='word_1_39' title='bbox 2774 1130 2816 1206; x_wconf 92' lang='grc'><strong>9)</strong></span> <span class='ocrx_word' id='word_1_40' title='bbox 2848 1128 2926 1194; x_wconf 85' lang='lat' dir='ltr'><strong>lert</strong></span> <span class='ocrx_word' id='word_1_41' title='bbox 2956 1134 2997 1194; x_wconf 88' lang='lat' dir='ltr'><strong>ot</strong></span> <span class='ocrx_word' id='word_1_42' title='bbox 3025 1135 3117 1196; x_wconf 84' lang='lat' dir='ltr'><strong>aret</strong></span> <span class='ocrx_word' id='word_1_43' title='bbox 3145 1131 3288 1213; x_wconf 85' lang='lat' dir='ltr'><strong>spatiis</strong></span> <span class='ocrx_word' id='word_1_44' title='bbox 3319 1130 3524 1196; x_wconf 79' lang='lat' dir='ltr'><strong>obstantia</strong></span> <span class='ocrx_word' id='word_1_45' title='bbox 3555 1146 3728 1212; x_wconf 89' lang='lat' dir='ltr'><strong>rumpere</strong></span> <span class='ocrx_word' id='word_1_46' title='bbox 3756 1130 3949 1195; x_wconf 79' lang='lat' dir='ltr'><strong>elaustro.</strong></span> 
     </span>
    </p>
   </div>
   <div class='ocr_carea' id='block_1_6' title="bbox 1336 986 1914 1069">
    <p class='ocr_par' dir='ltr' id='par_1_6' title="bbox 1336 986 1914 1069">
     <span class='ocr_line' id='line_1_9' title="bbox 1336 986 1914 1069; baseline -0.007 -16"><span class='ocrx_word' id='word_1_47' title='bbox 1336 986 1565 1069; x_wconf 84' lang='lat' dir='ltr'>Margo</span> <span class='ocrx_word' id='word_1_48' title='bbox 1610 986 1914 1069; x_wconf 77' lang='lat' dir='ltr'><strong>superior.</strong></span> 
     </span>
    </p>
   </div>
   <div class='ocr_carea' id='block_1_7' title="bbox 3657 1211 4183 1223">
    <p class='ocr_par' dir='ltr' id='par_1_7' title="bbox 3657 1211 4183 1223">
     <span class='ocr_line' id='line_1_10' title="bbox 3657 1211 4183 1223; baseline 0 4238"><span class='ocrx_word' id='word_1_49' title='bbox 3657 1211 4183 1223; x_wconf 95' lang='lat' dir='ltr'><strong> </strong></span> 
     </span>
    </p>
   </div>
   <div class='ocr_carea' id='block_1_8' title="bbox 2608 4600 3046 4609">
    <p class='ocr_par' dir='ltr' id='par_1_8' title="bbox 2608 4600 3046 4609">
     <span class='ocr_line' id='line_1_11' title="bbox 2608 4600 3046 4609; baseline 0 852"><span class='ocrx_word' id='word_1_50' title='bbox 2608 4600 3046 4609; x_wconf 95' lang='lat' dir='ltr'><strong> </strong></span> 
     </span>
    </p>
   </div>
   <div class='ocr_carea' id='block_1_9' title="bbox 701 1215 4183 4872">
    <p class='ocr_par' dir='ltr' id='par_1_9' title="bbox 746 1215 4183 2257">
     <span class='ocr_line' id='line_1_12' title="bbox 757 1215 4183 1330; baseline -0.004 -24"><span class='ocrx_word' id='word_1_51' title='bbox 757 1242 793 1306; x_wconf 93' lang='lat'>1</span> <span class='ocrx_word' id='word_1_52' title='bbox 2545 1237 2580 1300; x_wconf 85' lang='lat'>1</span> <span class='ocrx_word' id='word_1_53' title='bbox 2602 1215 3707 1315; x_wconf 59' lang='lat' dir='ltr'><strong>iffl—RffioeegW—Wfflum.</strong></span> <span class='ocrx_word' id='word_1_54' title='bbox 3769 1229 3955 1299; x_wconf 83' lang='lat'>11-13</span> <span class='ocrx_word' id='word_1_55' title='bbox 3985 1233 4046 1330; x_wconf 73' lang='lat' dir='ltr'><strong>oui</strong></span> <span class='ocrx_word' id='word_1_56' title='bbox 4077 1230 4183 1313; x_wconf 78' lang='lat' dir='ltr'><strong>pluer</strong></span> 
     </span>
     <span class='ocr_line' id='line_1_13' title="bbox 753 1315 4183 1471; baseline -0.002 -11"><span class='ocrx_word' id='word_1_57' title='bbox 753 1395 794 1460; x_wconf 84' lang='lat'>2</span> <span class='ocrx_word' id='word_1_58' title='bbox 2544 1385 2668 1463; x_wconf 89' lang='grc'><strong>214)</strong></span> <span class='ocrx_word' id='word_1_59' title='bbox 2700 1386 2754 1450; x_wconf 86' lang='grc' dir='ltr'><strong>Τιι</strong></span> <span class='ocrx_word' id='word_1_60' title='bbox 2784 1385 3033 1452; x_wconf 69' lang='lat' dir='ltr'><strong>mediastinus</strong></span> <span class='ocrx_word' id='word_1_61' title='bbox 3063 1352 3204 1454; x_wconf 75' lang='lat' dir='ltr'><strong>tacita</strong></span> <span class='ocrx_word' id='word_1_62' title='bbox 3221 1404 3332 1471; x_wconf 81' lang='lat' dir='ltr'><strong>praee</strong></span> <span class='ocrx_word' id='word_1_63' title='bbox 3361 1405 3455 1453; x_wconf 85' lang='lat' dir='ltr'><strong>rura</strong></span> <span class='ocrx_word' id='word_1_64' title='bbox 3486 1389 3646 1470; x_wconf 82' lang='lat' dir='ltr'><strong>petebas</strong></span> <span class='ocrx_word' id='word_1_65' title='bbox 3842 1315 4183 1469; x_wconf 42' lang='lat' dir='ltr'><strong>njsslqffimogspussq</strong></span> 
     </span>
     <span class='ocr_line' id='line_1_14' title="bbox 753 1488 4183 1657; baseline -0.001 -46"><span class='ocrx_word' id='word_1_66' title='bbox 753 1550 795 1616; x_wconf 90' lang='lat'><strong>3</strong></span> <span class='ocrx_word' id='word_1_67' title='bbox 2544 1538 2669 1618; x_wconf 90' lang='grc'><strong>315)</strong></span> <span class='ocrx_word' id='word_1_68' title='bbox 2704 1557 2802 1605; x_wconf 88' lang='lat' dir='ltr'><strong>nuno</strong></span> <span class='ocrx_word' id='word_1_69' title='bbox 2834 1541 2962 1606; x_wconf 88' lang='lat' dir='ltr'><strong>urbem</strong></span> <span class='ocrx_word' id='word_1_70' title='bbox 2995 1548 3035 1607; x_wconf 87' lang='lat' dir='ltr'><strong>et</strong></span> <span class='ocrx_word' id='word_1_71' title='bbox 3063 1542 3173 1608; x_wconf 89' lang='lat' dir='ltr'><strong>ludes</strong></span> <span class='ocrx_word' id='word_1_72' title='bbox 3204 1546 3246 1609; x_wconf 87' lang='lat' dir='ltr'><strong>et</strong></span> <span class='ocrx_word' id='word_1_73' title='bbox 3276 1542 3418 1608; x_wconf 86' lang='lat' dir='ltr'><strong>balnea</strong></span> <span class='ocrx_word' id='word_1_74' title='bbox 3448 1543 3583 1608; x_wconf 80' lang='lat' dir='ltr'><strong>rilious</strong></span> <span class='ocrx_word' id='word_1_75' title='bbox 3616 1548 3747 1625; x_wconf 86' lang='lat' dir='ltr'><strong>optas,</strong></span> <span class='ocrx_word' id='word_1_76' title='bbox 3871 1488 4183 1657; x_wconf 53' lang='lat' dir='ltr'><strong>„sffi’uostssffi</strong></span> 
     </span>
     <span class='ocr_line' id='line_1_15' title="bbox 749 1660 4183 1829; baseline -0.002 -60"><span class='ocrx_word' id='word_1_77' title='bbox 749 1705 791 1769; x_wconf 80' lang='lat'>4</span> <span class='ocrx_word' id='word_1_78' title='bbox 2544 1693 2669 1765; x_wconf 82' lang='grc'><strong>416)</strong></span> <span class='ocrx_word' id='word_1_79' title='bbox 2701 1711 2759 1759; x_wconf 86' lang='lat' dir='ltr'><strong>mo</strong></span> <span class='ocrx_word' id='word_1_80' title='bbox 2787 1699 2968 1760; x_wconf 88' lang='lat' dir='ltr'><strong>onustare</strong></span> <span class='ocrx_word' id='word_1_81' title='bbox 2997 1695 3083 1759; x_wconf 86' lang='lat' dir='ltr'><strong>mibi</strong></span> <span class='ocrx_word' id='word_1_82' title='bbox 3114 1695 3192 1760; x_wconf 83' lang='lat' dir='ltr'><strong>seis</strong></span> <span class='ocrx_word' id='word_1_83' title='bbox 3224 1699 3265 1760; x_wconf 84' lang='lat' dir='ltr'><strong>et</strong></span> <span class='ocrx_word' id='word_1_84' title='bbox 3293 1695 3485 1762; x_wconf 74' lang='lat' dir='ltr'><strong>discedere</strong></span> <span class='ocrx_word' id='word_1_85' title='bbox 3514 1698 3666 1763; x_wconf 76' lang='lat' dir='ltr'><strong>tristem</strong></span> <span class='ocrx_word' id='word_1_86' title='bbox 3843 1660 4183 1829; x_wconf 46' lang='lat' dir='ltr'><strong>imffizfiitffiuzauffj</strong></span> 
     </span>
     <span class='ocr_line' id='line_1_16' title="bbox 747 1832 4183 1982; baseline -0 -65"><span class='ocrx_word' id='word_1_87' title='bbox 747 1860 789 1924; x_wconf 83' lang='lat'>5</span> <span class='ocrx_word' id='word_1_88' title='bbox 1421 1843 1491 1954; x_wconf 40' lang='grc' dir='ltr'><strong>’,ι-ρ’</strong></span> <span class='ocrx_word' id='word_1_89' title='bbox 2544 1846 2669 1928; x_wconf 81' lang='lat'><strong>517)</strong></span> <span class='ocrx_word' id='word_1_90' title='bbox 2703 1848 3003 1932; x_wconf 64' lang='lat' dir='ltr'><strong>quandocunque</strong></span> <span class='ocrx_word' id='word_1_91' title='bbox 3031 1850 3237 1916; x_wconf 84' lang='lat' dir='ltr'><strong>trahunt</strong></span> <span class='ocrx_word' id='word_1_92' title='bbox 3225 1851 3353 1916; x_wconf 77' lang='lat' dir='ltr'><strong>inrisa</strong></span> <span class='ocrx_word' id='word_1_93' title='bbox 3381 1851 3541 1934; x_wconf 83' lang='lat' dir='ltr'><strong>negotia</strong></span> <span class='ocrx_word' id='word_1_94' title='bbox 3570 1850 3738 1917; x_wconf 85' lang='lat' dir='ltr'><strong>Romam.</strong></span> <span class='ocrx_word' id='word_1_95' title='bbox 3843 1832 3961 1916; x_wconf 63' lang='lat' dir='ltr'><strong>0⁰¹1)ss</strong></span> <span class='ocrx_word' id='word_1_96' title='bbox 3992 1839 4056 1898; x_wconf 70' lang='lat'><strong>⁰⁸¹</strong></span> <span class='ocrx_word' id='word_1_97' title='bbox 4078 1847 4183 1982; x_wconf 54' lang='grc' dir='ltr'><strong>θῑέω</strong></span> 
     </span>
     <span class='ocr_line' id='line_1_17' title="bbox 747 1919 4183 2109; baseline -0 -40"><span class='ocrx_word' id='word_1_98' title='bbox 747 2015 789 2079; x_wconf 84' lang='grc'>6</span> <span class='ocrx_word' id='word_1_99' title='bbox 1422 1955 1487 2109; x_wconf 66' lang='grc' dir='ltr'><strong>Ξ.</strong></span> <span class='ocrx_word' id='word_1_100' title='bbox 2544 2000 2667 2082; x_wconf 85' lang='lat'><strong>618)</strong></span> <span class='ocrx_word' id='word_1_101' title='bbox 2700 2003 2779 2069; x_wconf 85' lang='lat' dir='ltr'><strong>llon</strong></span> <span class='ocrx_word' id='word_1_102' title='bbox 2810 2003 2936 2071; x_wconf 84' lang='lat' dir='ltr'><strong>eadem</strong></span> <span class='ocrx_word' id='word_1_103' title='bbox 2966 2002 3145 2069; x_wconf 86' lang='lat' dir='ltr'><strong>miramur</strong></span> <span class='ocrx_word' id='word_1_104' title='bbox 3177 2020 3220 2068; x_wconf 88' lang='lat' dir='ltr'><strong>eo</strong></span> <span class='ocrx_word' id='word_1_105' title='bbox 3248 2003 3487 2071; x_wconf 82' lang='lat' dir='ltr'><strong>disoonrenit</strong></span> <span class='ocrx_word' id='word_1_106' title='bbox 3515 2007 3616 2070; x_wconf 88' lang='lat' dir='ltr'><strong>inter</strong></span> <span class='ocrx_word' id='word_1_107' title='bbox 3846 1919 3911 2002; x_wconf 61' lang='lat' dir='ltr'><strong>qni</strong></span> <span class='ocrx_word' id='word_1_108' title='bbox 3933 1935 4183 2086; x_wconf 41' lang='grc' dir='ltr'><strong>83111ιῖ1118ιῖβὲ</strong></span> 
     </span>
     <span class='ocr_line' id='line_1_18' title="bbox 746 2153 3829 2257; baseline -0.002 -27"><span class='ocrx_word' id='word_1_109' title='bbox 746 2168 785 2230; x_wconf 85' lang='lat'><strong>7</strong></span> <span class='ocrx_word' id='word_1_110' title='bbox 1402 2153 1488 2257; x_wconf 46' lang='grc' dir='ltr'><strong>ξ,</strong></span> <span class='ocrx_word' id='word_1_111' title='bbox 2544 2158 2582 2220; x_wconf 82' lang='lat'><strong>‘7</strong></span> <span class='ocrx_word' id='word_1_112' title='bbox 2604 2157 2669 2236; x_wconf 88' lang='grc'><strong>19)</strong></span> <span class='ocrx_word' id='word_1_113' title='bbox 2702 2176 2831 2241; x_wconf 90' lang='lat' dir='ltr'><strong>meque</strong></span> <span class='ocrx_word' id='word_1_114' title='bbox 2862 2164 2902 2224; x_wconf 89' lang='lat' dir='ltr'><strong>et</strong></span> <span class='ocrx_word' id='word_1_115' title='bbox 2930 2163 2985 2235; x_wconf 89' lang='lat' dir='ltr'><strong>to,</strong></span> <span class='ocrx_word' id='word_1_116' title='bbox 3017 2174 3103 2224; x_wconf 93' lang='lat' dir='ltr'><strong>nam</strong></span> <span class='ocrx_word' id='word_1_117' title='bbox 3134 2175 3236 2240; x_wconf 83' lang='lat' dir='ltr'><strong>quae</strong></span> <span class='ocrx_word' id='word_1_118' title='bbox 3262 2158 3416 2224; x_wconf 84' lang='lat' dir='ltr'><strong>deserta</strong></span> <span class='ocrx_word' id='word_1_119' title='bbox 3439 2163 3481 2225; x_wconf 87' lang='lat' dir='ltr'><strong>et</strong></span> <span class='ocrx_word' id='word_1_120' title='bbox 3497 2159 3695 2242; x_wconf 75' lang='lat' dir='ltr'><strong>inhospita</strong></span> <span class='ocrx_word' id='word_1_121' title='bbox 3716 2164 3829 2225; x_wconf 80' lang='lat' dir='ltr'><strong>tenea</strong></span> 
     </span>
    </p>

    <p class='ocr_par' dir='ltr' id='par_1_10' title="bbox 743 2259 3787 2431">
     <span class='ocr_line' id='line_1_19' title="bbox 743 2259 3787 2431; baseline 0.001 -54"><span class='ocrx_word' id='word_1_122' title='bbox 743 2321 784 2386; x_wconf 89' lang='lat'>8</span> <span class='ocrx_word' id='word_1_123' title='bbox 1421 2259 1488 2431; x_wconf 60' lang='grc' dir='ltr'><strong>Ξ.</strong></span> <span class='ocrx_word' id='word_1_124' title='bbox 2545 2310 2674 2389; x_wconf 84' lang='lat'><strong>820)</strong></span> <span class='ocrx_word' id='word_1_125' title='bbox 2706 2313 2844 2391; x_wconf 82' lang='lat' dir='ltr'><strong>eredis,</strong></span> <span class='ocrx_word' id='word_1_126' title='bbox 2879 2330 3039 2379; x_wconf 86' lang='lat' dir='ltr'><strong>amoena</strong></span> <span class='ocrx_word' id='word_1_127' title='bbox 3070 2319 3187 2378; x_wconf 81' lang='lat' dir='ltr'><strong>neeat</strong></span> <span class='ocrx_word' id='word_1_128' title='bbox 3218 2330 3354 2379; x_wconf 78' lang='lat' dir='ltr'><strong>mooun</strong></span> <span class='ocrx_word' id='word_1_129' title='bbox 3387 2314 3451 2396; x_wconf 93' lang='lat' dir='ltr'><strong>qui</strong></span> <span class='ocrx_word' id='word_1_130' title='bbox 3482 2314 3606 2379; x_wconf 86' lang='lat' dir='ltr'><strong>sentit</strong></span> <span class='ocrx_word' id='word_1_131' title='bbox 3636 2320 3678 2380; x_wconf 88' lang='lat' dir='ltr'><strong>et</strong></span> <span class='ocrx_word' id='word_1_132' title='bbox 3707 2314 3787 2381; x_wconf 84' lang='lat' dir='ltr'><strong>odit</strong></span> 
     </span>
    </p>

    <p class='ocr_par' dir='ltr' id='par_1_11' title="bbox 743 2433 3829 2595">
     <span class='ocr_line' id='line_1_20' title="bbox 743 2433 3829 2595; baseline -0.001 -57"><span class='ocrx_word' id='word_1_133' title='bbox 743 2474 785 2538; x_wconf 88' lang='lat'>9</span> <span class='ocrx_word' id='word_1_134' title='bbox 1423 2433 1466 2595; x_wconf 68' lang='grc' dir='ltr'>Ξ</span> <span class='ocrx_word' id='word_1_135' title='bbox 2544 2465 2584 2529; x_wconf 90' lang='grc'><strong>9</strong></span> <span class='ocrx_word' id='word_1_136' title='bbox 2606 2468 2671 2546; x_wconf 88' lang='grc'><strong>21)</strong></span> <span class='ocrx_word' id='word_1_137' title='bbox 2706 2469 3178 2551; x_wconf 84' lang='lat' dir='ltr'><strong>quaetupulebraputns.</strong></span> <span class='ocrx_word' id='word_1_138' title='bbox 3224 2467 3360 2532; x_wconf 78' lang='lat' dir='ltr'><strong>Fornix</strong></span> <span class='ocrx_word' id='word_1_139' title='bbox 3382 2467 3455 2533; x_wconf 85' lang='lat' dir='ltr'><strong>tibi</strong></span> <span class='ocrx_word' id='word_1_140' title='bbox 3484 2473 3525 2534; x_wconf 88' lang='lat' dir='ltr'><strong>et</strong></span> <span class='ocrx_word' id='word_1_141' title='bbox 3549 2476 3669 2535; x_wconf 88' lang='lat' dir='ltr'><strong>uneta</strong></span> <span class='ocrx_word' id='word_1_142' title='bbox 3689 2469 3829 2552; x_wconf 81' lang='lat' dir='ltr'><strong>popina</strong></span> 
     </span>
    </p>

    <p class='ocr_par' dir='ltr' id='par_1_12' title="bbox 703 2597 4052 2738">
     <span class='ocr_line' id='line_1_21' title="bbox 703 2597 4052 2738; baseline -0.001 -48"><span class='ocrx_word' id='word_1_143' title='bbox 703 2626 788 2692; x_wconf 92' lang='lat'><strong>10</strong></span> <span class='ocrx_word' id='word_1_144' title='bbox 1422 2597 1487 2719; x_wconf 48' lang='grc' dir='ltr'><strong>’Ν</strong></span> <span class='ocrx_word' id='word_1_145' title='bbox 2242 2665 2289 2738; x_wconf 56' lang='lat'>3</span> <span class='ocrx_word' id='word_1_146' title='bbox 2504 2617 2588 2683; x_wconf 86' lang='lat'><strong>10</strong></span> <span class='ocrx_word' id='word_1_147' title='bbox 2606 2623 2674 2700; x_wconf 74' lang='lat'><strong>22)</strong></span> <span class='ocrx_word' id='word_1_148' title='bbox 2708 2622 2900 2687; x_wconf 69' lang='lat' dir='ltr'><strong>tuentium</strong></span> <span class='ocrx_word' id='word_1_149' title='bbox 2930 2622 3037 2687; x_wconf 67' lang='lat' dir='ltr'><strong>urnis</strong></span> <span class='ocrx_word' id='word_1_150' title='bbox 3067 2621 3288 2688; x_wconf 78' lang='lat' dir='ltr'><strong>desiderium</strong></span> <span class='ocrx_word' id='word_1_151' title='bbox 3320 2623 3425 2688; x_wconf 69' lang='lat' dir='ltr'><strong>vieto</strong></span> <span class='ocrx_word' id='word_1_152' title='bbox 3457 2622 3627 2705; x_wconf 72' lang='lat' dir='ltr'><strong>eoquod</strong></span> <span class='ocrx_word' id='word_1_153' title='bbox 3985 2625 4052 2737; x_wconf 52' lang='grc' dir='ltr'><strong>ἐκ</strong></span> 
     </span>
    </p>

    <p class='ocr_par' dir='ltr' id='par_1_13' title="bbox 705 2439 4052 3249">
     <span class='ocr_line' id='line_1_22' title="bbox 705 2439 4052 3249; baseline -0 -404"><span class='ocrx_word' id='word_1_154' title='bbox 705 2782 783 2845; x_wconf 92' lang='grc'><strong>11</strong></span> <span class='ocrx_word' id='word_1_155' title='bbox 1368 2787 1372 2790; x_wconf 82' lang='grc'><strong><em>·</em></strong></span> <span class='ocrx_word' id='word_1_156' title='bbox 1422 2720 1488 2890; x_wconf 67' lang='grc' dir='ltr'>Ξ</span> <span class='ocrx_word' id='word_1_157' title='bbox 2220 2740 2289 2908; x_wconf 58' lang='grc' dir='ltr'>ἓ</span> <span class='ocrx_word' id='word_1_158' title='bbox 1737 2439 2464 3249; x_wconf 80' lang='grc' dir='ltr'>Ι</span> <span class='ocrx_word' id='word_1_159' title='bbox 2502 2773 2671 2856; x_wconf 91' lang='grc'><strong>1123)</strong></span> <span class='ocrx_word' id='word_1_160' title='bbox 2704 2777 2876 2861; x_wconf 84' lang='lat' dir='ltr'><strong>angulus</strong></span> <span class='ocrx_word' id='word_1_161' title='bbox 2906 2777 2982 2843; x_wconf 88' lang='lat' dir='ltr'><strong>iste</strong></span> <span class='ocrx_word' id='word_1_162' title='bbox 3016 2777 3114 2843; x_wconf 86' lang='lat' dir='ltr'><strong>ieret</strong></span> <span class='ocrx_word' id='word_1_163' title='bbox 3145 2779 3249 2860; x_wconf 89' lang='lat' dir='ltr'><strong>piper</strong></span> <span class='ocrx_word' id='word_1_164' title='bbox 3278 2783 3318 2843; x_wconf 86' lang='lat' dir='ltr'><strong>ot</strong></span> <span class='ocrx_word' id='word_1_165' title='bbox 3348 2785 3414 2843; x_wconf 87' lang='lat' dir='ltr'><strong>tus</strong></span> <span class='ocrx_word' id='word_1_166' title='bbox 3445 2779 3550 2845; x_wconf 86' lang='lat' dir='ltr'><strong>eoins</strong></span> <span class='ocrx_word' id='word_1_167' title='bbox 3582 2796 3675 2857; x_wconf 83' lang='lat' dir='ltr'><strong>uva,</strong></span> <span class='ocrx_word' id='word_1_168' title='bbox 3987 2739 4052 2881; x_wconf 49' lang='lat' dir='ltr'><strong>s}</strong></span> 
     </span>
    </p>

    <p class='ocr_par' dir='ltr' id='par_1_14' title="bbox 702 2882 4067 3045">
     <span class='ocr_line' id='line_1_23' title="bbox 702 2882 4067 3045; baseline -0 -46"><span class='ocrx_word' id='word_1_169' title='bbox 702 2934 784 2999; x_wconf 85' lang='lat'><strong>12</strong></span> <span class='ocrx_word' id='word_1_170' title='bbox 1421 2891 1487 3031; x_wconf 62' lang='grc' dir='ltr'><em>ξ</em></span> <span class='ocrx_word' id='word_1_171' title='bbox 2242 2909 2287 3027; x_wconf 61' lang='grc' dir='ltr'><strong>Ξ</strong></span> <span class='ocrx_word' id='word_1_172' title='bbox 2505 2926 2583 2992; x_wconf 79' lang='grc'><strong>12</strong></span> <span class='ocrx_word' id='word_1_173' title='bbox 2605 2935 2673 3012; x_wconf 89' lang='grc'><strong>24)</strong></span> <span class='ocrx_word' id='word_1_174' title='bbox 2709 2948 2777 2998; x_wconf 82' lang='lat' dir='ltr'><strong>neo</strong></span> <span class='ocrx_word' id='word_1_175' title='bbox 2805 2933 2933 2999; x_wconf 80' lang='lat' dir='ltr'><strong>rieina</strong></span> <span class='ocrx_word' id='word_1_176' title='bbox 2963 2933 3100 2999; x_wconf 83' lang='lat' dir='ltr'><strong>subest</strong></span> <span class='ocrx_word' id='word_1_177' title='bbox 3132 2934 3254 2998; x_wconf 81' lang='lat' dir='ltr'><strong>vinum</strong></span> <span class='ocrx_word' id='word_1_178' title='bbox 3286 2934 3473 3015; x_wconf 83' lang='lat' dir='ltr'><strong>praebere</strong></span> <span class='ocrx_word' id='word_1_179' title='bbox 3504 2933 3671 2999; x_wconf 79' lang='lat' dir='ltr'><strong>taberna</strong></span> <span class='ocrx_word' id='word_1_180' title='bbox 3832 2928 3843 2979; x_wconf 91' lang='lat'><strong>¹</strong></span> <span class='ocrx_word' id='word_1_181' title='bbox 4004 2882 4067 3045; x_wconf 63' lang='grc' dir='ltr'>Ξ</span> 
     </span>
    </p>

    <p class='ocr_par' dir='ltr' id='par_1_15' title="bbox 701 3030 4051 3214">
     <span class='ocr_line' id='line_1_24' title="bbox 701 3030 4051 3214; baseline -0.001 -61"><span class='ocrx_word' id='word_1_182' title='bbox 701 3089 784 3155; x_wconf 85' lang='grc'><strong>13</strong></span> <span class='ocrx_word' id='word_1_183' title='bbox 1423 3035 1488 3074; x_wconf 69' lang='lat' dir='ltr'><strong>r·-</strong></span> <span class='ocrx_word' id='word_1_184' title='bbox 2222 3030 2305 3214; x_wconf 61' lang='grc' dir='ltr'>Ξ</span> <span class='ocrx_word' id='word_1_185' title='bbox 2503 3082 2585 3146; x_wconf 87' lang='grc'><strong>13</strong></span> <span class='ocrx_word' id='word_1_186' title='bbox 2606 3090 2674 3167; x_wconf 88' lang='grc'><strong>25)</strong></span> <span class='ocrx_word' id='word_1_187' title='bbox 2708 3106 2810 3173; x_wconf 87' lang='lat' dir='ltr'><strong>quan</strong></span> <span class='ocrx_word' id='word_1_188' title='bbox 2841 3090 2966 3172; x_wconf 80' lang='lat' dir='ltr'><strong>possit</strong></span> <span class='ocrx_word' id='word_1_189' title='bbox 2996 3089 3082 3166; x_wconf 87' lang='lat' dir='ltr'><strong>tibi,</strong></span> <span class='ocrx_word' id='word_1_190' title='bbox 3117 3106 3186 3154; x_wconf 87' lang='lat' dir='ltr'><strong>nee</strong></span> <span class='ocrx_word' id='word_1_191' title='bbox 3215 3090 3393 3154; x_wconf 80' lang='lat' dir='ltr'><strong>meretrix</strong></span> <span class='ocrx_word' id='word_1_192' title='bbox 3419 3088 3596 3166; x_wconf 81' lang='lat' dir='ltr'><strong>tibieina,</strong></span> <span class='ocrx_word' id='word_1_193' title='bbox 3629 3088 3740 3152; x_wconf 82' lang='lat' dir='ltr'><strong>ouius</strong></span> <span class='ocrx_word' id='word_1_194' title='bbox 3984 3046 4051 3186; x_wconf 58' lang='grc' dir='ltr'>ἐ</span> 
     </span>
    </p>

    <p class='ocr_par' dir='ltr' id='par_1_16' title="bbox 701 3236 3827 3326">
     <span class='ocr_line' id='line_1_25' title="bbox 701 3236 3827 3326; baseline -0.001 -16"><span class='ocrx_word' id='word_1_195' title='bbox 701 3246 783 3310; x_wconf 89' lang='grc'><strong>14</strong></span> <span class='ocrx_word' id='word_1_196' title='bbox 2505 3236 2585 3299; x_wconf 89' lang='grc'><strong>14</strong></span> <span class='ocrx_word' id='word_1_197' title='bbox 2606 3244 2673 3320; x_wconf 90' lang='grc'><strong>26)</strong></span> <span class='ocrx_word' id='word_1_198' title='bbox 2706 3243 2753 3308; x_wconf 87' lang='lat' dir='ltr'><strong>ad</strong></span> <span class='ocrx_word' id='word_1_199' title='bbox 2776 3244 2980 3326; x_wconf 73' lang='lat' dir='ltr'><strong>strepitum</strong></span> <span class='ocrx_word' id='word_1_200' title='bbox 3008 3244 3135 3309; x_wconf 82' lang='lat' dir='ltr'><strong>salins</strong></span> <span class='ocrx_word' id='word_1_201' title='bbox 3150 3249 3282 3309; x_wconf 88' lang='lat' dir='ltr'><strong>terrae</strong></span> <span class='ocrx_word' id='word_1_202' title='bbox 3298 3245 3449 3326; x_wconf 72' lang='lat' dir='ltr'><strong>gravia,</strong></span> <span class='ocrx_word' id='word_1_203' title='bbox 3478 3247 3519 3307; x_wconf 89' lang='lat' dir='ltr'><strong>et</strong></span> <span class='ocrx_word' id='word_1_204' title='bbox 3536 3248 3662 3308; x_wconf 70' lang='lat' dir='ltr'><strong>minen</strong></span> <span class='ocrx_word' id='word_1_205' title='bbox 3679 3257 3827 3325; x_wconf 84' lang='lat' dir='ltr'><strong>urgues</strong></span> 
     </span>
    </p>

    <p class='ocr_par' dir='ltr' id='par_1_17' title="bbox 705 3387 3827 3481">
     <span class='ocr_line' id='line_1_26' title="bbox 705 3387 3827 3481; baseline -0.001 -17"><span class='ocrx_word' id='word_1_206' title='bbox 705 3398 786 3464; x_wconf 83' lang='lat'><strong>15</strong></span> <span class='ocrx_word' id='word_1_207' title='bbox 2503 3387 2684 3479; x_wconf 82' lang='lat'>1527)</span> <span class='ocrx_word' id='word_1_208' title='bbox 2718 3399 2793 3464; x_wconf 91' lang='lat' dir='ltr'><strong>iam</strong></span> <span class='ocrx_word' id='word_1_209' title='bbox 2824 3398 2963 3481; x_wconf 82' lang='lat' dir='ltr'><strong>pridem</strong></span> <span class='ocrx_word' id='word_1_210' title='bbox 2993 3415 3066 3463; x_wconf 90' lang='lat' dir='ltr'><strong>non</strong></span> <span class='ocrx_word' id='word_1_211' title='bbox 3097 3403 3212 3465; x_wconf 84' lang='lat' dir='ltr'><strong>taeta</strong></span> <span class='ocrx_word' id='word_1_212' title='bbox 3244 3399 3440 3481; x_wconf 82' lang='lat' dir='ltr'><strong>ligonibus</strong></span> <span class='ocrx_word' id='word_1_213' title='bbox 3473 3415 3586 3473; x_wconf 81' lang='lat' dir='ltr'><strong>arra,</strong></span> <span class='ocrx_word' id='word_1_214' title='bbox 3621 3398 3827 3479; x_wconf 82' lang='lat' dir='ltr'><strong>bovemque</strong></span> 
     </span>
    </p>

    <p class='ocr_par' dir='ltr' id='par_1_18' title="bbox 706 3550 3754 3638">
     <span class='ocr_line' id='line_1_27' title="bbox 706 3550 3754 3638; baseline -0.003 -17"><span class='ocrx_word' id='word_1_215' title='bbox 706 3555 788 3638; x_wconf 86' lang='grc'><strong>16</strong></span> <span class='ocrx_word' id='word_1_216' title='bbox 2504 3551 2584 3615; x_wconf 88' lang='grc'><strong>16</strong></span> <span class='ocrx_word' id='word_1_217' title='bbox 2604 3551 2683 3634; x_wconf 89' lang='grc'><strong>28)</strong></span> <span class='ocrx_word' id='word_1_218' title='bbox 2721 3553 2948 3618; x_wconf 86' lang='lat' dir='ltr'><strong>disiuuetum</strong></span> <span class='ocrx_word' id='word_1_219' title='bbox 2979 3570 3095 3619; x_wconf 85' lang='lat' dir='ltr'><strong>ouras</strong></span> <span class='ocrx_word' id='word_1_220' title='bbox 3128 3558 3168 3619; x_wconf 88' lang='lat' dir='ltr'><strong>ot</strong></span> <span class='ocrx_word' id='word_1_221' title='bbox 3196 3554 3349 3618; x_wconf 75' lang='lat' dir='ltr'><strong>strictis</strong></span> <span class='ocrx_word' id='word_1_222' title='bbox 3382 3551 3578 3618; x_wconf 81' lang='lat' dir='ltr'><strong>frondibus</strong></span> <span class='ocrx_word' id='word_1_223' title='bbox 3613 3550 3754 3632; x_wconf 81' lang='lat' dir='ltr'><strong>expies.</strong></span> 
     </span>
    </p>

    <p class='ocr_par' dir='ltr' id='par_1_19' title="bbox 705 3702 3627 3791">
     <span class='ocr_line' id='line_1_28' title="bbox 705 3702 3627 3791; baseline -0.002 -18"><span class='ocrx_word' id='word_1_224' title='bbox 705 3709 784 3773; x_wconf 86' lang='lat'><strong>17</strong></span> <span class='ocrx_word' id='word_1_225' title='bbox 1029 3705 1144 3771; x_wconf 91' lang='lat' dir='ltr'><strong>AD</strong></span> <span class='ocrx_word' id='word_1_226' title='bbox 1187 3702 1528 3770; x_wconf 86' lang='lat' dir='ltr'>VILIGVM</span> <span class='ocrx_word' id='word_1_227' title='bbox 1574 3703 1814 3770; x_wconf 86' lang='lat' dir='ltr'><strong>SVVM.</strong></span> <span class='ocrx_word' id='word_1_228' title='bbox 2505 3705 2581 3767; x_wconf 81' lang='lat'><strong>17</strong></span> <span class='ocrx_word' id='word_1_229' title='bbox 2605 3705 2686 3790; x_wconf 89' lang='grc'><strong>29)</strong></span> <span class='ocrx_word' id='word_1_230' title='bbox 2723 3708 2832 3773; x_wconf 71' lang='lat' dir='ltr'><strong>Addit</strong></span> <span class='ocrx_word' id='word_1_231' title='bbox 2862 3726 2955 3791; x_wconf 71' lang='lat' dir='ltr'><strong>opus</strong></span> <span class='ocrx_word' id='word_1_232' title='bbox 2988 3710 3098 3791; x_wconf 69' lang='lat' dir='ltr'><strong>pigoo</strong></span> <span class='ocrx_word' id='word_1_233' title='bbox 3131 3710 3233 3771; x_wconf 73' lang='lat' dir='ltr'><strong>rinus</strong></span> <span class='ocrx_word' id='word_1_234' title='bbox 3265 3709 3297 3773; x_wconf 86' lang='lat' dir='ltr'><strong>si</strong></span> <span class='ocrx_word' id='word_1_235' title='bbox 3330 3707 3470 3772; x_wconf 82' lang='lat' dir='ltr'><strong>deeidit</strong></span> <span class='ocrx_word' id='word_1_236' title='bbox 3495 3706 3627 3781; x_wconf 86' lang='lat' dir='ltr'><strong>imber,</strong></span> 
     </span>
    </p>

    <p class='ocr_par' dir='ltr' id='par_1_20' title="bbox 704 3841 4183 4014">
     <span class='ocr_line' id='line_1_29' title="bbox 704 3841 4183 4014; baseline -0.002 -84"><span class='ocrx_word' id='word_1_237' title='bbox 704 3865 786 3930; x_wconf 91' lang='lat'><strong>18</strong></span> <span class='ocrx_word' id='word_1_238' title='bbox 862 3859 898 3940; x_wconf 83' lang='lat'><strong>1)</strong></span> <span class='ocrx_word' id='word_1_239' title='bbox 933 3861 1052 3927; x_wconf 81' lang='lat' dir='ltr'><strong>Viliee</strong></span> <span class='ocrx_word' id='word_1_240' title='bbox 1081 3861 1266 3927; x_wconf 79' lang='lat' dir='ltr'><strong>silvarum</strong></span> <span class='ocrx_word' id='word_1_241' title='bbox 1295 3859 1451 3926; x_wconf 85' lang='lat' dir='ltr'><strong>etmihi</strong></span> <span class='ocrx_word' id='word_1_242' title='bbox 1481 3879 1538 3927; x_wconf 91' lang='lat' dir='ltr'><strong>me</strong></span> <span class='ocrx_word' id='word_1_243' title='bbox 1566 3860 1756 3927; x_wconf 84' lang='lat' dir='ltr'><strong>reddentis</strong></span> <span class='ocrx_word' id='word_1_244' title='bbox 1787 3860 1911 3945; x_wconf 85' lang='lat' dir='ltr'><strong>agolli</strong></span> <span class='ocrx_word' id='word_1_245' title='bbox 2502 3856 2583 3920; x_wconf 86' lang='lat'><strong>18</strong></span> <span class='ocrx_word' id='word_1_246' title='bbox 2603 3859 2709 4011; x_wconf 48' lang='lat' dir='ltr'><strong>{a}</strong></span> <span class='ocrx_word' id='word_1_247' title='bbox 2718 3864 2842 3929; x_wconf 87' lang='lat' dir='ltr'><strong>multa</strong></span> <span class='ocrx_word' id='word_1_248' title='bbox 2872 3862 2967 3927; x_wconf 87' lang='lat' dir='ltr'><strong>molo</strong></span> <span class='ocrx_word' id='word_1_249' title='bbox 2997 3861 3181 3927; x_wconf 85' lang='lat' dir='ltr'><strong>doeendus</strong></span> <span class='ocrx_word' id='word_1_250' title='bbox 3212 3863 3344 3945; x_wconf 80' lang='lat' dir='ltr'><strong>aprino</strong></span> <span class='ocrx_word' id='word_1_251' title='bbox 3376 3877 3536 3945; x_wconf 85' lang='lat' dir='ltr'><strong>paroere</strong></span> <span class='ocrx_word' id='word_1_252' title='bbox 3567 3864 3696 3941; x_wconf 86' lang='lat' dir='ltr'><strong>prato</strong></span> <span class='ocrx_word' id='word_1_253' title='bbox 3872 3841 4183 4014; x_wconf 47' lang='lat' dir='ltr'><strong>{lngffitrffit</strong></span> 
     </span>
    </p>

    <p class='ocr_par' dir='ltr' id='par_1_21' title="bbox 702 4017 4183 4119">
     <span class='ocr_line' id='line_1_30' title="bbox 702 4017 4183 4119; baseline -0.003 -17"><span class='ocrx_word' id='word_1_254' title='bbox 702 4038 785 4104; x_wconf 89' lang='lat'><strong>19</strong></span> <span class='ocrx_word' id='word_1_255' title='bbox 862 4036 903 4116; x_wconf 89' lang='grc'><strong>2)</strong></span> <span class='ocrx_word' id='word_1_256' title='bbox 937 4051 1045 4119; x_wconf 88' lang='lat' dir='ltr'><strong>quem</strong></span> <span class='ocrx_word' id='word_1_257' title='bbox 1077 4038 1123 4099; x_wconf 90' lang='lat' dir='ltr'><strong>tu</strong></span> <span class='ocrx_word' id='word_1_258' title='bbox 1154 4031 1310 4099; x_wconf 77' lang='lat' dir='ltr'><strong>fastidis</strong></span> <span class='ocrx_word' id='word_1_259' title='bbox 1341 4032 1559 4099; x_wconf 85' lang='lat' dir='ltr'><strong>habitatum</strong></span> <span class='ocrx_word' id='word_1_260' title='bbox 1591 4050 1757 4116; x_wconf 84' lang='lat' dir='ltr'><strong>qunque</strong></span> <span class='ocrx_word' id='word_1_261' title='bbox 1789 4033 1884 4097; x_wconf 85' lang='lat' dir='ltr'><strong>ionis</strong></span> <span class='ocrx_word' id='word_1_262' title='bbox 1916 4039 1955 4100; x_wconf 85' lang='lat' dir='ltr'><strong>et</strong></span> <span class='ocrx_word' id='word_1_263' title='bbox 2502 4029 2582 4092; x_wconf 88' lang='lat'><strong>19</strong></span> <span class='ocrx_word' id='word_1_264' title='bbox 2603 4032 2682 4115; x_wconf 86' lang='lat'><strong>32)</strong></span> <span class='ocrx_word' id='word_1_265' title='bbox 2718 4036 2825 4111; x_wconf 76' lang='lat' dir='ltr'><strong>Quem</strong></span> <span class='ocrx_word' id='word_1_266' title='bbox 2855 4040 2991 4100; x_wconf 84' lang='lat' dir='ltr'><strong>tenues</strong></span> <span class='ocrx_word' id='word_1_267' title='bbox 3019 4034 3177 4099; x_wconf 75' lang='lat' dir='ltr'><strong>docuere</strong></span> <span class='ocrx_word' id='word_1_268' title='bbox 3209 4039 3330 4115; x_wconf 79' lang='lat' dir='ltr'><strong>tegno</strong></span> <span class='ocrx_word' id='word_1_269' title='bbox 3362 4031 3550 4113; x_wconf 87' lang='lat' dir='ltr'><strong>nitidique</strong></span> <span class='ocrx_word' id='word_1_270' title='bbox 3580 4030 3712 4113; x_wconf 77' lang='lat' dir='ltr'><strong>capilli</strong></span> <span class='ocrx_word' id='word_1_271' title='bbox 3844 4017 4183 4084; x_wconf 76' lang='lat' dir='ltr'><strong>⁰⁰11⁰⁰ss¹¹¹ffldivid</strong></span> 
     </span>
    </p>

    <p class='ocr_par' dir='ltr' id='par_1_22' title="bbox 703 4103 4074 4274">
     <span class='ocr_line' id='line_1_31' title="bbox 703 4103 4074 4274; baseline -0.003 -18"><span class='ocrx_word' id='word_1_272' title='bbox 703 4192 789 4258; x_wconf 84' lang='lat'><strong>20</strong></span> <span class='ocrx_word' id='word_1_273' title='bbox 860 4190 899 4271; x_wconf 84' lang='grc'><strong>3)</strong></span> <span class='ocrx_word' id='word_1_274' title='bbox 931 4191 1099 4274; x_wconf 88' lang='lat' dir='ltr'><strong>quinque</strong></span> <span class='ocrx_word' id='word_1_275' title='bbox 1125 4190 1243 4254; x_wconf 89' lang='lat' dir='ltr'><strong>bonos</strong></span> <span class='ocrx_word' id='word_1_276' title='bbox 1273 4185 1430 4252; x_wconf 87' lang='lat' dir='ltr'><strong>solitum</strong></span> <span class='ocrx_word' id='word_1_277' title='bbox 1461 4186 1614 4252; x_wconf 76' lang='lat' dir='ltr'><strong>Variam</strong></span> <span class='ocrx_word' id='word_1_278' title='bbox 1643 4187 1835 4252; x_wconf 83' lang='lat' dir='ltr'><strong>dimittere</strong></span> <span class='ocrx_word' id='word_1_279' title='bbox 1864 4194 2017 4270; x_wconf 82' lang='lat' dir='ltr'><strong>patres,</strong></span> <span class='ocrx_word' id='word_1_280' title='bbox 2497 4181 2583 4246; x_wconf 89' lang='grc'><strong>20</strong></span> <span class='ocrx_word' id='word_1_281' title='bbox 2602 4188 2680 4271; x_wconf 85' lang='grc'><strong>33)</strong></span> <span class='ocrx_word' id='word_1_282' title='bbox 2714 4207 2822 4272; x_wconf 88' lang='lat' dir='ltr'><strong>quem</strong></span> <span class='ocrx_word' id='word_1_283' title='bbox 2852 4189 2931 4253; x_wconf 87' lang='lat' dir='ltr'><strong>sois</strong></span> <span class='ocrx_word' id='word_1_284' title='bbox 2963 4189 3152 4253; x_wconf 90' lang='lat' dir='ltr'><strong>immunem</strong></span> <span class='ocrx_word' id='word_1_285' title='bbox 3184 4188 3347 4252; x_wconf 79' lang='lat' dir='ltr'><strong>Cinarae</strong></span> <span class='ocrx_word' id='word_1_286' title='bbox 3378 4187 3573 4269; x_wconf 85' lang='lat' dir='ltr'><strong>plaeuisso</strong></span> <span class='ocrx_word' id='word_1_287' title='bbox 3605 4184 3758 4268; x_wconf 79' lang='lat' dir='ltr'><strong>napaei,</strong></span> <span class='ocrx_word' id='word_1_288' title='bbox 3970 4103 4074 4168; x_wconf 54' lang='grc' dir='ltr'><strong>ΜΦ</strong></span> 
     </span>
    </p>

    <p class='ocr_par' dir='ltr' id='par_1_23' title="bbox 702 4335 3715 4427">
     <span class='ocr_line' id='line_1_32' title="bbox 702 4335 3715 4427; baseline -0.003 -17"><span class='ocrx_word' id='word_1_289' title='bbox 702 4346 783 4411; x_wconf 91' lang='grc'><strong>21</strong></span> <span class='ocrx_word' id='word_1_290' title='bbox 860 4344 902 4423; x_wconf 89' lang='grc'><strong>4)</strong></span> <span class='ocrx_word' id='word_1_291' title='bbox 935 4347 1121 4409; x_wconf 86' lang='lat' dir='ltr'><strong>eertemus</strong></span> <span class='ocrx_word' id='word_1_292' title='bbox 1152 4344 1287 4426; x_wconf 87' lang='lat' dir='ltr'><strong>spinas</strong></span> <span class='ocrx_word' id='word_1_293' title='bbox 1317 4340 1488 4408; x_wconf 89' lang='lat' dir='ltr'><strong>animone</strong></span> <span class='ocrx_word' id='word_1_294' title='bbox 1518 4357 1590 4424; x_wconf 81' lang='lat' dir='ltr'><strong>ego</strong></span> <span class='ocrx_word' id='word_1_295' title='bbox 1621 4340 1762 4407; x_wconf 76' lang='lat' dir='ltr'><strong>tertius</strong></span> <span class='ocrx_word' id='word_1_296' title='bbox 1794 4360 1844 4407; x_wconf 91' lang='lat' dir='ltr'><strong>an</strong></span> <span class='ocrx_word' id='word_1_297' title='bbox 1875 4346 1919 4407; x_wconf 89' lang='lat' dir='ltr'><strong>tn</strong></span> <span class='ocrx_word' id='word_1_298' title='bbox 2498 4335 2679 4425; x_wconf 88' lang='grc'><strong>2134)</strong></span> <span class='ocrx_word' id='word_1_299' title='bbox 2715 4362 2821 4427; x_wconf 90' lang='lat' dir='ltr'><strong>quem</strong></span> <span class='ocrx_word' id='word_1_300' title='bbox 2854 4344 3022 4409; x_wconf 90' lang='lat' dir='ltr'><strong>bibulum</strong></span> <span class='ocrx_word' id='word_1_301' title='bbox 3050 4343 3183 4426; x_wconf 89' lang='lat' dir='ltr'><strong>liquidi</strong></span> <span class='ocrx_word' id='word_1_302' title='bbox 3215 4341 3335 4407; x_wconf 82' lang='lat' dir='ltr'><strong>media</strong></span> <span class='ocrx_word' id='word_1_303' title='bbox 3365 4342 3409 4407; x_wconf 92' lang='lat' dir='ltr'><strong>de</strong></span> <span class='ocrx_word' id='word_1_304' title='bbox 3440 4342 3525 4407; x_wconf 82' lang='lat' dir='ltr'><strong>luoe</strong></span> <span class='ocrx_word' id='word_1_305' title='bbox 3551 4338 3715 4414; x_wconf 78' lang='lat' dir='ltr'><strong>Falerni,</strong></span> 
     </span>
    </p>

    <p class='ocr_par' dir='ltr' id='par_1_24' title="bbox 702 4488 3822 4580">
     <span class='ocr_line' id='line_1_33' title="bbox 702 4488 3822 4580; baseline -0.003 -14"><span class='ocrx_word' id='word_1_306' title='bbox 702 4499 785 4566; x_wconf 91' lang='grc'><strong>22</strong></span> <span class='ocrx_word' id='word_1_307' title='bbox 859 4497 901 4577; x_wconf 87' lang='grc'><strong>5)</strong></span> <span class='ocrx_word' id='word_1_308' title='bbox 935 4498 1086 4564; x_wconf 80' lang='lat' dir='ltr'><strong>evellas</strong></span> <span class='ocrx_word' id='word_1_309' title='bbox 1117 4514 1215 4580; x_wconf 82' lang='lat' dir='ltr'><strong>agro</strong></span> <span class='ocrx_word' id='word_1_310' title='bbox 1247 4504 1287 4564; x_wconf 82' lang='lat' dir='ltr'><strong>nt</strong></span> <span class='ocrx_word' id='word_1_311' title='bbox 1315 4498 1447 4563; x_wconf 88' lang='lat' dir='ltr'><strong>molier</strong></span> <span class='ocrx_word' id='word_1_312' title='bbox 1477 4498 1532 4564; x_wconf 86' lang='lat' dir='ltr'><strong>sit</strong></span> <span class='ocrx_word' id='word_1_313' title='bbox 1563 4497 1748 4563; x_wconf 78' lang='lat' dir='ltr'><strong>Horatius</strong></span> <span class='ocrx_word' id='word_1_314' title='bbox 1779 4514 1830 4563; x_wconf 86' lang='lat' dir='ltr'><strong>an</strong></span> <span class='ocrx_word' id='word_1_315' title='bbox 1860 4510 1941 4562; x_wconf 77' lang='lat' dir='ltr'><strong>rus·</strong></span> <span class='ocrx_word' id='word_1_316' title='bbox 2495 4488 2577 4553; x_wconf 80' lang='lat'><strong>22</strong></span> <span class='ocrx_word' id='word_1_317' title='bbox 2598 4497 2678 4580; x_wconf 86' lang='lat'><strong>35)</strong></span> <span class='ocrx_word' id='word_1_318' title='bbox 2713 4517 2809 4565; x_wconf 83' lang='lat' dir='ltr'><strong>oona</strong></span> <span class='ocrx_word' id='word_1_319' title='bbox 2827 4500 2957 4565; x_wconf 77' lang='lat' dir='ltr'><strong>brevis</strong></span> <span class='ocrx_word' id='word_1_320' title='bbox 2980 4500 3092 4563; x_wconf 82' lang='lat' dir='ltr'><strong>iuvat</strong></span> <span class='ocrx_word' id='word_1_321' title='bbox 3116 4503 3155 4563; x_wconf 86' lang='lat' dir='ltr'><strong>et</strong></span> <span class='ocrx_word' id='word_1_322' title='bbox 3178 4516 3293 4580; x_wconf 77' lang='lat' dir='ltr'><strong>prope</strong></span> <span class='ocrx_word' id='word_1_323' title='bbox 3323 4499 3439 4561; x_wconf 82' lang='lat' dir='ltr'><strong>rivum</strong></span> <span class='ocrx_word' id='word_1_324' title='bbox 3466 4512 3618 4560; x_wconf 87' lang='lat' dir='ltr'><strong>somnos</strong></span> <span class='ocrx_word' id='word_1_325' title='bbox 3638 4492 3822 4559; x_wconf 87' lang='lat' dir='ltr'><strong>iuberba.</strong></span> 
     </span>
    </p>

    <p class='ocr_par' dir='ltr' id='par_1_25' title="bbox 803 4699 3695 4872">
     <span class='ocr_line' id='line_1_34' title="bbox 803 4699 3695 4872; baseline -0.002 -105.096"><span class='ocrx_word' id='word_1_326' title='bbox 803 4701 2426 4872; x_wconf 67' lang='lat' dir='ltr'><strong>Margo——</strong></span> <span class='ocrx_word' id='word_1_327' title='bbox 1605 4701 1886 4767; x_wconf 82' lang='lat' dir='ltr'><strong>inferior.</strong></span> <span class='ocrx_word' id='word_1_328' title='bbox 2635 4701 2716 4785; x_wconf 88' lang='grc'><strong>36)</strong></span> <span class='ocrx_word' id='word_1_329' title='bbox 2749 4704 2823 4768; x_wconf 84' lang='lat' dir='ltr'><strong>Nee</strong></span> <span class='ocrx_word' id='word_1_330' title='bbox 2852 4703 2995 4767; x_wconf 84' lang='lat' dir='ltr'><strong>lesisse</strong></span> <span class='ocrx_word' id='word_1_331' title='bbox 3025 4700 3232 4785; x_wconf 85' lang='lat' dir='ltr'><strong>pudetsed</strong></span> <span class='ocrx_word' id='word_1_332' title='bbox 3263 4719 3334 4767; x_wconf 93' lang='lat' dir='ltr'><strong>non</strong></span> <span class='ocrx_word' id='word_1_333' title='bbox 3365 4701 3528 4767; x_wconf 76' lang='lat' dir='ltr'><strong>incidere</strong></span> <span class='ocrx_word' id='word_1_334' title='bbox 3559 4699 3695 4765; x_wconf 90' lang='lat' dir='ltr'><strong>ludum.</strong></span> 
     </span>
    </p>
   </div>
   <div class='ocr_carea' id='block_1_10' title="bbox 66 5348 698 5461">
    <p class='ocr_par' dir='ltr' id='par_1_26' title="bbox 66 5348 698 5461">
     <span class='ocr_line' id='line_1_35' title="bbox 66 5348 698 5461; baseline 0 0"><span class='ocrx_word' id='word_1_335' title='bbox 66 5348 698 5461; x_wconf 95' lang='lat' dir='ltr'><strong> </strong></span> 
     </span>
    </p>
   </div>
  </div>
 </body>
</html>
