4257 5461
1934 382 2016 445 14

355 587 603 669 quidem
650 588 777 651 iam
822 588 931 652 aut
973 587 1084 651 illa
1128 588 1489 670 voluptaria,
1555 587 1674 652 etsi
1716 585 2008 651 facillime
2055 587 2173 651 sibi
2217 606 2570 672 comparare
2611 590 2872 671 poterat,
2936 592 3043 653 aut
3084 586 3293 653 urbem
3342 592 3620 673 omnine,

349 693 465 757 etsi
520 709 748 775 magno
803 691 887 756 ibi
948 693 1011 755 in
1076 692 1312 769 honore,
1365 693 1700 774 multisque
1753 692 1966 775 gratus
2025 694 2188 769 erat,
2257 691 2363 756 sed
2408 692 2613 757 omnia
2654 693 2766 757 illa
2807 692 3115 777 fugiebat,
3182 694 3402 777 quippe
3462 716 3623 777 quas

353 815 547 878 neque
612 813 785 860 veras
846 814 975 858 esse
1034 813 1230 876 neque
1290 797 1590 881 ingenuas
1652 796 1998 877 voluptates
2044 795 2161 860 sibi
2210 797 2627 877 persuasisset.
2717 797 2847 862 Rus
2892 815 3129 881 semper
3171 800 3462 865 tendebat
3505 801 3624 866 ubi

351 901 568 965 villula
613 918 875 964 amoena
922 902 984 963 et
1027 900 1149 962 otio
1196 900 1362 965 dulci
1408 902 1471 966 et
1513 899 1738 966 litteris
1783 899 2099 981 Musisque
2147 903 2208 964 et
2252 901 2390 964 aliis
2435 901 2626 965 animi
2672 900 3136 966 oblectamentis
3179 902 3449 968 honestis
3492 902 3616 967 frui

348 1004 578 1081 liceret,
649 1003 1099 1084 tranquillitate
1162 1004 1423 1086 denique
1488 1006 1650 1069 vitae
1719 1004 2031 1085 animique
2099 1005 2237 1068 tuta
2300 1004 2375 1069 ab
2436 1004 2662 1069 invidis
2706 1007 2890 1086 atque
2936 1005 3219 1070 inimicis
3310 1006 3624 1072 Videlicet

350 1109 556 1191 spinas
620 1108 784 1186 illae,
853 1107 1074 1188 quibus
1139 1108 1590 1172 adulescentem
1660 1126 1723 1171 se
1790 1112 2072 1172 vexatum
2139 1108 2328 1173 libere
2369 1109 2596 1173 fatetur
2640 1109 2727 1190 (v.
2774 1105 2989 1188 32134)
3035 1109 3240 1174 animo
3283 1108 3613 1174 fortissime

349 1215 660 1292 evellerat,
727 1212 947 1278 fortius
1011 1212 1355 1276 mehercule
1424 1230 1608 1294 quam
1678 1211 1911 1276 vilicus,
2004 1214 2185 1277 Hunc
2251 1231 2360 1276 suo
2427 1213 2634 1277 animo
2701 1214 2907 1294 spinas
2971 1213 3114 1276 illas
3169 1231 3287 1278 non
3335 1214 3613 1280 evellisse

350 1318 598 1383 omnino
644 1318 850 1399 aperte
905 1319 1187 1396 rectaque
1233 1335 1371 1379 eum
1425 1317 1599 1380 docet
1647 1316 1990 1397 dupliciter,
2039 1337 2178 1380 cum
2224 1316 2439 1380 villam
2485 1315 2773 1382 Sabinam
2821 1336 2961 1381 eum
3007 1315 3154 1381 facit
3197 1317 3616 1385 fastidientem

353 1425 429 1503 et·
457 1421 625 1486 urbis
670 1421 811 1484 illas
856 1419 1204 1500 voluptates
1250 1419 1524 1484 sordidas
1568 1419 1954 1502 abiectasque
2002 1421 2447 1485 desiderantem
2516 1422 2637 1501 (vv,
2692 1422 2970 1500 19-26)
2993 1472 3007 1498 ,
3076 1420 3292 1486 deinde
3341 1459 3421 1470 -
3467 1442 3611 1489 nam

352 1545 535 1609 quem
584 1525 763 1588 sortis
809 1542 954 1587 suae
998 1524 1222 1601 taedet,
1267 1524 1322 1587 is
1364 1524 1634 1605 profecto
1678 1525 1967 1608 neglegat
2011 1525 2276 1589 officium
2323 1544 2392 1588 ac
2437 1543 2661 1589 munus
2705 1543 2885 1589 suum
2933 1543 3182 1588 necesse
3228 1526 3322 1589 est
3362 1563 3436 1574 —
3471 1546 3614 1593 cum

352 1631 707 1712 querentem
772 1647 912 1692 eum
974 1627 1121 1691 facit
1181 1629 1270 1692 ita
1334 1629 1407 1692 de
1457 1628 1837 1712 gravissimis
1903 1631 2026 1691 suis
2090 1628 2402 1693 laboribus
2446 1631 2571 1707 (vv.
2622 1630 2904 1710 26-30)
2949 1631 3019 1691 ut
3063 1631 3406 1713 pugnantia
3449 1632 3612 1698 dicat

350 1734 670 1814 verbisque
733 1731 1037 1814 oxymoris
1095 1750 1240 1795 usus
1303 1750 1443 1796 eum
1489 1732 1819 1815 redarguat
1864 1734 1926 1795 et
1971 1733 2167 1796 ironia
2209 1733 2485 1814 legentes
2528 1731 2923 1797 delectentur.
3016 1734 3191 1813 Quod
3237 1737 3486 1816 quidem
3531 1736 3611 1802 ad

349 1857 541 1903 unum
589 1855 804 1902 omnes
850 1836 955 1916 qui
1001 1835 1066 1899 in
1109 1836 1567 1916 interpretanda
1610 1836 1724 1899 hac
1765 1837 2028 1923 epistula
2072 1836 2539 1900 elaboraverunt
2582 1837 2780 1900 adhuc
2824 1856 2944 1902 non
2976 1839 3200 1903 vidisse
3230 1842 3338 1903 aut
3365 1841 3608 1905 silentio

349 1941 708 2023 praeterisse
775 1940 982 2004 miror.
1073 1938 1236 2003 Nam
1305 1938 1451 2020 quid
1519 1941 1719 2023 magis
1783 1943 2019 2022 pugnat
2086 1959 2271 2021 quam
2339 1941 2462 2022 (vv.
2510 1941 2723 2024 26127)
2799 1961 3137 2024 „urguere
3182 1951 3359 2006 arva·
3420 1944 3504 2025 (h.
3552 1964 3605 2010 e.

350 2063 592 2109 summo
634 2043 843 2108 labore
888 2044 951 2107 et
993 2045 1285 2125 perpetuo
1329 2045 1694 2125 percolere),
1765 2043 1907 2108 iam
1967 2043 2246 2125 pridem
2307 2033 2449 2109 non
2495 2047 2693 2110 tacta
2736 2045 3104 2127 ligonibus
3147 2049 3360 2128 (sehon
3404 2049 3610 2132 langst

350 2150 520 2213 nicht
562 2149 791 2213 einmal
834 2147 1252 2212 oberflachlich
1299 2147 1647 2227 beriihrte);
1718 2148 1865 2228 quid
1928 2149 2128 2230 magis
2193 2151 2464 2231 pugnat,
2533 2167 2759 2230 quaeso
2782 2200 2798 2227 ,
2863 2167 3047 2231 quam
3115 2150 3203 2232 (in
3249 2171 3344 2216 vv.
3395 2152 3620 2234 27128)

352 2252 637 2318 strictis
683 2249 1066 2317 frondibus
1114 2252 1198 2333 (h.
1248 2271 1298 2315 e.
1343 2251 1661 2316 frondibus
1705 2253 1930 2332 raptim
1976 2270 2046 2313 ac
2091 2271 2268 2333 parce
2316 2252 2565 2332 coactis)
2610 2252 2899 2335 explere
2946 2253 3160 2319 bovem
3220 2256 3305 2337 (h.
3354 2275 3407 2320 e.
3456 2257 3604 2320 satis

352 2375 650 2438 superque
700 2358 761 2420 et
806 2355 1115 2420 cumulate
1159 2356 1460 2420 instruere
1507 2358 1569 2419 et
1614 2360 2006 2433 exsaturare).
2097 2358 2423 2420 Praeterea
2486 2357 2620 2438 quis
2665 2358 2845 2423 homo
2889 2358 3154 2421 rusticus
3212 2378 3282 2423 ac
3345 2359 3619 2443 diligens*

348 2459 665 2524 frondibus
726 2461 924 2542 pascit
987 2460 1189 2536 boveS,
1244 2479 1363 2524 non
1430 2459 1636 2524 herbis
1701 2461 1798 2524 vel
1865 2462 2192 2543 gramine?
2304 2461 2439 2540 Qua
2507 2481 2571 2525 re
2639 2462 2965 2544 significari
3027 2464 3286 2542 videtur,
3356 2464 3608 2529 vilicum

347 2564 775 2649 neglegentem
846 2565 1115 2645 undique
1180 2564 1476 2646 pabulum
1538 2565 1744 2645 petere
1813 2584 1887 2628 ne
1957 2565 2086 2629 eius
2156 2565 2402 2646 quidem
2468 2565 2555 2629 rei
2617 2563 2851 2629 ratione
2905 2565 3133 2643 habita,
3203 2568 3365 2647 quod
3412 2567 3610 2633 bubus

346 2669 642 2751 pabulum
712 2671 793 2734 sit
860 2671 1078 2734 natura
1138 2669 1438 2734 tributum
1507 2671 1569 2733 et
1613 2669 1855 2734 salubre
1876 2671 1959 2751 ;*)
2005 2669 2152 2751 quid
2199 2669 2456 2751 denique
2502 2668 2703 2752 magis
2745 2673 2982 2753 pugnat
3027 2688 3211 2753 quam
3258 2671 3347 2750 (in
3392 2692 3448 2734 v.
3499 2674 3620 2755 29)

350 2792 526 2857 opus
574 2775 798 2838 addere
852 2809 922 2821 -
975 2775 1227 2858 pigro,
1295 2775 1421 2837 sive
1467 2773 1726 2838 verbum
1779 2774 2048 2855 „operis“
2102 2774 2375 2838 indidem
2431 2774 2710 2838 ducimus
2754 2773 2913 2838 unde
2959 2773 3262 2839 Graecum
3309 2773 3606 2859 „z'mv‘ss

340 2878 399 2940 h.
448 2897 498 2942 e.
548 2880 679 2956 (um
726 2878 928 2942 Etwas
975 2878 1127 2956 sein,
1173 2878 1350 2961 eifrig
1396 2898 1500 2942 um
1547 2879 1751 2942 Etwas
1793 2878 2159 2961 beschaftigt
2200 2878 2349 2955 sein,
2415 2878 2599 2941 etwas
2664 2877 2841 2961 eifrig
2886 2880 3201 2962 besorgen,
3268 2879 3612 2961 betreiben)

342 2982 467 3046 sive
519 3001 554 3045 a
600 2983 788 3064 stirpe
830 2984 1064 3063 ,,σεπ“,
1111 2982 1270 3045 unde
1317 2982 1503 3046 etiam
1549 2981 1732 3046 verba
1778 2980 2154 3063 ,,ἕπεσθαι“
2199 2983 2261 3045 et
2312 2981 2555 3063 „sequi“
2609 2982 2979 3060 derivantur,
3026 2982 3085 3047 h.
3133 3002 3184 3047 e.
3221 2983 3386 3047 einer
3417 2984 3609 3049 Sache

340 3086 584 3170 folgen,
651 3086 805 3149 nahe
852 3086 1004 3164 sein,
1074 3085 1190 3148 mit
1232 3085 1328 3149 ihr
1374 3085 1737 3168 beschaftigt
1780 3086 1933 3156 sein,
1980 3088 2103 3150 sive
2148 3105 2184 3148 a
2230 3085 2416 3165 stirpe
2469 3092 2617 3166 ,op‘
2670 3117 2768 3138 :fi
2823 3085 3062 3164 ,Kraft,
3103 3086 3333 3162 Mittel,
3375 3087 3616 3169 Macht,

341 3192 758 3274 Forderung“,
807 3190 907 3271 (cf.
960 3190 1296 3273 ὀφέλλειν,
1343 3189 1606 3266 ferdern,
1671 3190 1941 3267 mehren,
2000 3198 2422 3272 vergrosserm
2492 3189 2879 3271 opulentus);
2948 3190 3084 3270 quis
3149 3193 3356 3255 autem
3425 3192 3605 3256 homo

339 3296 513 3379 piger
575 3294 872 3359 industrie
936 3297 1046 3358 aut
1119 3294 1445 3377 diligenter
1518 3295 1701 3377 agit?
1833 3294 2031 3374 Quam
2112 3294 2188 3357 ob
2270 3314 2399 3358 rem
2474 3294 2686 3357 Lehrsi
2763 3293 3132 3359 sententiam
3212 3313 3332 3358 non
3396 3295 3606 3376 probe,

342 3400 447 3481 qui
502 3401 562 3464 in
611 3400 793 3463 verbo
846 3399 1093 3482 ,pigm‘
1145 3399 1272 3461 tam
1321 3397 1710 3462 vehementer
1756 3398 2007 3463 offendit
2060 3400 2130 3461 ut
2178 3403 2285 3462 aut
2350 3403 2621 3481 ,gnavo“
2689 3417 2798 3478 pro
2844 3417 2913 3463 eo
2960 3397 3455 3464 substituendum
3497 3399 3602 3463 aut

340 3504 503 3566 totos
557 3522 654 3566 vv.
705 3501 891 3569 29130
950 3501 1239 3566 delendos
1285 3520 1414 3565 esse
1460 3503 1612 3580 vult,
1684 3522 1825 3566 cum
1872 3521 2064 3583 neque
2110 3502 2164 3565 is
2209 3502 2314 3583 qui
2359 3502 2620 3586 urgueat
2663 3519 2807 3565 arva
2850 3501 3026 3585 piger
3070 3503 3372 3567 nominari
3416 3505 3607 3585 possit

341 3625 536 3687 neque
602 3608 850 3672 omnino
913 3606 1000 3671 *sit
1065 3605 1418 3684 verisimile,
1486 3606 1812 3670 Horatium
1883 3628 2023 3671 eum
2087 3609 2217 3670 tam
2284 3608 2496 3688 aperte
2540 3606 2787 3689 pigrum
2837 3606 3299 3687 compellavisse
3345 3626 3608 3688 quocum

343 3728 547 3775 coram
614 3711 899 3775 omnibus
961 3712 1264 3793 disputet,
1341 3710 1457 3774 etsi
1526 3711 1798 3793 superior
1821 3761 1836 3788 ,
1912 3730 2029 3792 quo
2099 3713 2230 3775 tam
2297 3709 2684 3774 familiariter
2751 3711 2960 3774 utatur
3024 3712 3096 3774 ut
3161 3729 3271 3775 sua
3339 3712 3620 3796 ineuntis-

342 3813 784 3880 adolescentiae
830 3815 979 3879 vitia
1025 3834 1165 3879 eum
1212 3834 1331 3880 nen
1377 3815 1548 3879 celet.
1640 3815 1721 3878 Et
1764 3835 1834 3880 ex
1881 3816 1976 3879 his
2020 3817 2082 3879 et
2125 3834 2200 3879 ex
2241 3814 2457 3880 ceteris
2503 3832 2657 3896 quae
2702 3815 2780 3879 ad
2823 3814 2933 3878 hos
2977 3832 3185 3879 versus
3222 3815 3284 3877 et
3312 3814 3391 3878 ad
3423 3835 3481 3877 v,
3518 3816 3614 3881 28

344 3918 616 4000 disputat
679 3919 868 3983 Lehrs
895 3968 911 3997 ,
981 3918 1395 4002 intellegitur,
1460 3940 1554 3987 vv,
1607 3922 1862 3984 26-30
1925 3920 2070 4001 quid
2116 3919 2234 3986 sibi
2279 3918 2474 3984 velint
2517 3918 2595 3983 ab
2639 3936 2709 3983 eo
2752 3936 2971 4001 parum
3016 3918 3406 4000 perspectum
3450 3937 3602 3983 esse.

349 4022 606 4087 Accedit
648 4024 718 4086 ut
764 4022 1078 4088 exstinctis
1122 4024 1216 4087 his
1262 4023 1538 4088 versibus
1581 4024 1732 4088 satis
1777 4026 2006 4089 multos
2049 4024 2359 4106 relinquat
2402 4023 2567 4087 locos
2591 4071 2609 4101 ,
2670 4021 2777 4086 ubi
2840 4039 2962 4086 non
3025 4020 3231 4086 minus
3284 4039 3495 4103 aspere
3538 4024 3603 4090 et

349 4125 561 4190 acerbe
617 4124 799 4189 illum
843 4126 1082 4191 incuset
1124 4126 1417 4191 Horatius
1460 4127 1532 4190 ut
1573 4127 1639 4190 in
1690 4147 1785 4193 vv,
1853 4131 1949 4206 14,
2002 4130 2100 4206 15,
2153 4128 2425 4204 19-26,
2472 4127 2577 4190 44.
2665 4125 2988 4190 Praeterea
3031 4142 3108 4189 ne
3152 4124 3614 4204 obliviscamur,

348 4229 506 4294 hanc
572 4228 900 4312 epistulam
967 4229 1211 4296 nomine
1278 4249 1349 4295 ac
1412 4229 1609 4313 specie
1678 4249 1807 4294 esse
1873 4231 1951 4295 ad
1995 4231 2247 4296 vilicum
2293 4230 2584 4311 scriptam
2604 4279 2621 4308 ,
2687 4249 2754 4295 re
2794 4247 2934 4295 vera
2978 4226 3206 4294 amicos
3251 4232 3607 4309 (omnesque

657 4484 709 4552 *)
758 4481 972 4604 {robau
972 4483 1087 4534 scio
1127 4498 1161 4534 a
1196 4488 1375 4550 poetis
1411 4484 1689 4563 vocabulo·
1723 4486 1993 4553 „frondis“
2019 4488 2191 4541 etiam
2211 4487 2414 4566 herbas
2437 4489 2492 4540 et
2515 4501 2747 4554 gramen
2771 4486 3074 4565 significari
3099 4486 3299 4565 utloco
3319 4484 3616 4539 simillimo

755 4566 917 4672 mlta
956 4553 1170 4672 .⁰.t³.¹¹ff‘.
1196 4553 1651 4689 ffiiffssirffassussa
1674 4570 1810 4675 ¹0⁹1?ss
1845 4554 1926 4675 1⁸3¹?
1940 4572 2048 4677 1132
2085 4553 2648 4692 Essssiffiasssffiffl‘}
2677 4570 2886 4675 asse‘ffl
2912 4554 3607 4676 affrffizssdsstmsesstssssg

754 4687 1038 4821 ἒὲἓῗὲιὲιῐὲΐ
1043 4797 1053 4808 ·
1067 4690 1261 4743 utatur
1314 4693 1507 4759 poeta,
1559 4692 1624 4742 ut
1673 4692 1769 4756 qui
1815 4692 1888 4743 sit
1935 4693 2102 4747 vilico
2135 4692 2489 4760 aptissimuS,
2546 4690 2686 4743 nihil
2721 4692 2866 4758 impe
2908 4690 2953 4743 it
2986 4692 3283 4756 quominus
3316 4692 3398 4745 ita
3435 4691 3618 4743 inter··
