4257 5461
2308 465 2387 529 17

711 703 893 768 quae
935 679 1142 746 multo
1185 676 1537 761 simplicior
1580 673 2061 755 evidentiorque
2104 675 2224 751 est,
2267 672 2512 754 opinor,
2559 686 2766 755 quam·
2799 672 3100 740 codicum,
3136 674 3250 738 illa
3296 695 3596 741 versuum
3627 675 3988 756 distractio,

720 796 896 869 quae
942 806 1023 850 ex
1066 782 1188 848 hac
1232 779 1457 846 tabula
1499 781 1792 862 apparet:
2544 808 2548 813 ,
3029 780 3034 784 .

1136 875 3762 967 54-‘44-14-3-1-4-1-37,49¹s,÷1÷4÷1·÷3÷5.

1033 1022 1334 1089 Forsitan
1378 1021 1704 1105 quispiam
1749 1019 2002 1099 dixerit,
2066 1021 2232 1083 hanc
2278 1019 2490 1084 minus
2537 1022 2757 1102 aptam
2800 1020 3331 1103 compositionem
3377 1043 3518 1087 esse
3564 1022 3990 1106 epistularum

724 1128 960 1193 Horati
1004 1128 1347 1212 propriam,
1394 1147 1540 1191 cum
1584 1124 1917 1197 imitentur
1958 1122 2292 1199 hominum
2320 1122 2717 1200 eruditorum
2747 1144 3072 1188 sermones
3106 1123 3208 1188 vel
3239 1122 3563 1206 colloquia
3593 1146 3674 1188 ex
3703 1128 3991 1209 tempore

727 1230 892 1296 fusa.
984 1232 1124 1312 Ego
1172 1251 1321 1295 vero
1369 1232 1545 1313 puto,
1590 1227 1711 1291 hac
1758 1227 1824 1289 in
1872 1225 2151 1310 epistula
2196 1225 2279 1290 ad
2311 1225 2485 1289 vilici
2514 1225 2773 1290 tardum
2802 1226 3134 1307 ingenium
3166 1226 3405 1309 optime
3437 1228 3991 1293 accommodatam

727 1356 870 1400 esse
892 1322 895 1325 ¹
916 1335 1353 1416 symmetriam
1399 1332 1580 1396 illam
1623 1350 1829 1412 neque
1874 1329 2361 1394 distractionem
2417 1332 2670 1393 tantam
2732 1350 2875 1394 esse
2940 1348 3130 1413 posse
3188 1333 3260 1393 ut
3304 1352 3564 1412 prorsus
3611 1330 3992 1396 disiciantur

727 1437 1016 1502 membra
1080 1458 1156 1501 ac
1222 1458 1302 1500 ne
1371 1433 1667 1518 quaestio
1732 1433 2064 1517 proposita
2127 1432 2389 1515 quidem
2458 1435 2572 1496 aut
2639 1452 2750 1515 per
2810 1454 2880 1497 se
2925 1431 3269 1497 manifesta
3316 1434 3402 1496 sit
3448 1438 3562 1496 aut
3606 1435 3746 1499 sine
3793 1434 3989 1500 dubio

716 1540 1076 1619 efficiatum
1142 1539 1424 1603 dubitari
1493 1540 1710 1602 autem
1776 1535 2250 1618 disceptarique
2316 1535 2395 1600 de
2440 1534 2631 1600 huius
2697 1535 3013 1618 epistulae
3080 1540 3459 1617 argumento
3526 1557 3602 1600 ac
3649 1559 3902 1602 summa
3947 1561 3988 1601 a

727 1643 882 1708 viris
947 1643 1155 1707 doctis
1223 1642 1657 1718 vehementer,
1727 1661 1921 1721 supra
1990 1639 2154 1704 satis
2219 1638 2441 1703 multis
2509 1638 2821 1722 exemplis
2887 1639 3278 1704 confirmavi.
3347 1673 3434 1684 —-
3507 1639 3753 1716 Quibus
3800 1642 3989 1705 rebus

726 1746 1042 1830 expositis
1088 1746 1249 1810 satis
1296 1745 1772 1809 demonstrasse
1818 1743 2055 1822 videor,
2125 1763 2322 1824 quam
2366 1741 2642 1806 multum
2685 1741 2844 1806 haec
2888 1763 3055 1825 quae
3097 1743 3257 1808 mihi
3302 1743 3515 1828 placet
3558 1743 3749 1808 lectio
3798 1751 3860 1809 et
3906 1746 3992 1809 ad

724 1851 929 1915 totius
997 1847 1313 1933 epistulae
1383 1849 1834 1928 argumentum
1901 1866 2347 1926 summamque
2414 1843 2622 1909 lucide
2682 1844 3044 1909 definienda
3091 1850 3155 1910 et
3199 1846 3283 1910 ad
3330 1846 3733 1929 singularum
3775 1870 3986 1912 rerum

713 1957 1103 2018 contextum
1146 1951 1610 2033 verborumque
1656 1949 2152 2034 perpetuitatem
2197 1947 2592 2012 enucleanda
2636 1947 2879 2012 afferat.

1034 2089 1377 2172 Reliquum
1444 2091 1542 2152 est
1608 2091 1679 2149 ut
1747 2107 2064 2169 exponam
2132 2087 2453 2169 quomodo
2523 2085 2681 2149 haec
2751 2106 2918 2148 nova
2986 2086 3177 2149 lectio
3246 2110 3327 2152 ex
3370 2089 3656 2171 ipsorum
3699 2090 3994 2155 codicum

724 2194 1033 2258 instituta
1079 2194 1328 2258 ratione
1374 2197 1438 2256 et
1483 2193 1801 2274 scriptura
1846 2189 2105 2273 probari
2151 2190 2375 2272 possit.
2469 2188 2636 2265 Quid
2681 2189 2882 2270 ergo‘?
2973 2189 3263 2254 codicum
3326 2211 3445 2272 ego
3491 2191 3682 2257 fidem
3731 2192 3995 2257 dubiam

731 2318 873 2362 esse
918 2301 1106 2380 puto,
1173 2318 1564 2378 quamquam
1629 2293 1894 2377 paulum
1951 2294 2118 2357 inter
2164 2313 2233 2357 se
2279 2291 2579 2358 distant?
2666 2292 2834 2356 Puto
2880 2292 3145 2356 dubiam
3188 2296 3282 2358 ita
3326 2298 3401 2358 ut
3444 2313 3705 2377 prorsus
3749 2296 3998 2360 nullam

731 2401 969 2465 habere
1038 2399 1510 2465 dubitationem
1576 2419 1824 2479 negem.
1944 2396 2315 2462 Gothanum
2382 2395 2645 2478 quidem
2710 2396 2873 2459 mira
2939 2396 3419 2477 perturbatione
3487 2419 3630 2462 esse
3701 2398 3996 2463 Ribbeck

736 2501 803 2585 (1.
853 2504 893 2567 l.
943 2525 1001 2586 p.
1049 2503 1134 2569 98
1178 2502 1271 2584 ff.)
1342 2502 1528 2565 docet
1596 2499 1940 2583 praeclare.
2032 2499 2250 2576 Quid?
2338 2498 2511 2580 quod
2553 2497 2797 2563 Bobrik
2840 2519 3041 2582 nuper
3088 2498 3411 2583 Gryphiae
3458 2501 3875 2584 probaturum
3922 2525 3993 2568 se

734 2606 1064 2689 professus
1110 2609 1210 2670 est
1254 2606 1623 2668 universum
1669 2604 2025 2667 carminum
2069 2602 2298 2666 Horati
2344 2602 2454 2683 qui
2497 2622 2666 2664 nunc
2710 2601 2798 2667 sit
2841 2600 3154 2680 habitum,
3221 2603 3527 2685 ordinem,
3591 2605 3992 2686 divisionem,

733 2710 1266 2794 compositionem
1310 2730 1440 2773 non
1486 2730 1626 2772 esse
1673 2707 1952 2788 genuina
1998 2706 2258 2770 omnino
2307 2704 2418 2769 sed
2465 2704 2767 2770 editionis
2814 2705 2976 2772 satis
3020 2707 3292 2772 recentis
3326 2710 3392 2771 et
3421 2708 3689 2773 arbitrio
3722 2708 3934 2774 factae
3959 2709 3992 2771 ⁴?

724 2814 805 2878 Id
855 2814 1052 2895 igitur
1098 2813 1255 2878 mihi
1300 2813 1690 2878 concedatur
1733 2816 1806 2876 ut
1850 2810 2164 2893 explicem
2210 2808 2532 2894 quomodo
2596 2808 2786 2874 huius
2856 2809 3171 2892 epistulae
3238 2812 3560 2893 corruptio
3628 2816 3770 2876 orta
3836 2812 3995 2877 mihi

730 2916 1041 2980 videatur.
1135 2915 1240 3000 (cf.
1290 2939 1349 3000 p.
1402 2914 1530 2999 19.)

1032 3054 1181 3132 Fac,
1229 3073 1491 3136 quaes0,
1538 3053 1605 3114 in
1650 3051 1923 3133 singulis
1966 3051 2296 3134 archetypi
2329 3051 2428 3116 vel
2460 3051 2710 3134 antiqui
2743 3051 3016 3115 alicuius
3049 3051 3311 3130 codicis,
3359 3074 3399 3116 a
3430 3072 3556 3135 quo
3590 3053 3992 3131 recentioreS,
4059 3053 4076 3071 ‘

730 3158 843 3240 qui
888 3177 1057 3220 nunc
1103 3159 1383 3234 exstant,
1431 3155 1684 3220 codices
1733 3156 1857 3220 orti
1902 3159 2071 3235 sunt,
2117 3156 2374 3238 paginis
2419 3177 2640 3220 versus
2689 3154 2972 3219 vicenos
3005 3154 3216 3220 binos
3248 3154 3343 3218 ita
3378 3155 3652 3238 scriptos
3685 3154 3884 3220 fuisse
3915 3159 3989 3219 ut

724 3258 1004 3342 prioris
1030 3260 1304 3342 paginae
1329 3279 1550 3321 versus
1575 3257 1787 3321 ultimi
1812 3263 2028 3322 essent
2050 3256 2314 3323 titulus
2350 3259 2422 3324 et
2452 3256 2759 3338 quinque
2790 3256 3011 3341 primi
3040 3258 3230 3322 huius
3265 3256 3581 3340 epistulae
3614 3258 3989 3323 hexametri.

731 3364 869 3427 Hoc
910 3364 1123 3446 posito
1168 3366 1234 3427 et
1276 3382 1582 3425 concesso
1629 3362 1694 3423 in
1739 3363 2091 3443 posteriore
2136 3363 2375 3444 pagina
2423 3361 2616 3445 (quae
2662 3362 2805 3445 ipsa
2850 3382 3105 3444 quoque
3151 3361 3313 3425 duos
3373 3364 3439 3425 et
3484 3361 3717 3441 viginti
3764 3383 3987 3426 versus

720 3463 1303 3549 complectebatur)
1374 3465 1598 3546 scripti
1664 3464 1923 3528 fuerunt
1989 3466 2398 3546 insequentes
2467 3464 2594 3528 duo
2664 3468 2729 3528 et
2796 3464 3027 3545 viginti
3073 3463 3388 3547 epistulae
3433 3464 3819 3545 hexametri,
3890 3488 3989 3529 vv.

730 3566 932 3648 igitur
1004 3568 1101 3645 10,
1152 3568 1422 3645 14-30‚
1471 3566 1745 3632 32-35.
1860 3567 2066 3631 Huius
2135 3568 2411 3650 paginae
2473 3568 2540 3630 in
2608 3566 2969 3633 exteriore
3035 3568 3324 3648 margine
3392 3568 3753 3651 adscriptos
3821 3568 3992 3650 finge

731 3673 959 3751 postea
1026 3670 1110 3733 ab
1177 3670 1395 3753 aliquo
1465 3675 1530 3734 et
1596 3669 1978 3736 subditicios
2048 3678 2146 3734 vv.
2197 3671 2452 3736 11-13
2498 3672 2681 3736 iuxta
2726 3695 2783 3735 v.
2838 3672 2936 3751 10,
3006 3675 3071 3735 et
3115 3671 3531 3738 subditicium
3576 3697 3634 3737 v.
3681 3672 3762 3737 31
3811 3673 3996 3738 iuxta

730 3794 789 3835 v.
838 3772 941 3851 30,
990 3777 1139 3855 post
1183 3796 1240 3837 v.
1288 3773 1375 3838 35
1419 3778 1654 3852 autem,
1702 3774 1815 3856 qui
1848 3774 2103 3839 infimus
2141 3779 2279 3839 erat
2311 3776 2587 3857 paginae
2624 3776 2845 3854 totius,
2893 3797 2949 3838 v.
2983 3775 3068 3840 36
3100 3775 3518 3841 subditicium
3548 3778 3615 3840 in
3647 3775 3994 3843 inferiore

722 3877 1008 3961 ⁴paginae
1053 3877 1343 3959 margine
1390 3878 1682 3941 additum
1727 3899 1888 3955 esse,
1939 3878 2020 3942 ut
2065 3878 2138 3943 et
2180 3877 2568 3943 exterioris
2615 3878 2688 3943 et
2721 3877 3097 3943 inferioris
3129 3879 3479 3960 marginis
3512 3898 3682 3962 pars
3717 3878 3992 3947 litteris

728 3978 1128 4062 inscriptus
1175 3981 1387 4046 esset.
1479 3982 1614 4045 Iam
1678 4004 1823 4046 cum
1890 3981 2300 4063 neglegentia
2361 3981 2634 4046 alicuius
2680 3980 2926 4046 librarii
2971 3985 3277 4065 quattuor
3323 3981 3417 4045 illi
3464 4007 3561 4045 vv.
3612 3985 3814 4063 6-9,
3882 3986 3995 4067 qui

732 4085 918 4145 erant
962 4086 1110 4165 post
1154 4106 1210 4146 v.
1259 4082 1347 4147 30
1391 4083 1739 4164 scribendi,
1812 4085 2250 4167 praetermissi
2296 4088 2539 4163 essent,
2609 4088 2724 4148 aut
2773 4085 2912 4167 ipse
2975 4084 3084 4149 ille
3131 4090 3244 4150 aut
3290 4086 3619 4168 proximus
3667 4086 3988 4166 librariae,

724 4184 846 4267 qui
915 4185 1203 4252 codicem
1271 4207 1725 4267 recognoscere
1792 4192 1859 4252 et
1916 4189 2232 4269 corrigere
2280 4188 2667 4268 instituerat,
2738 4204 2848 4252 vv·
2900 4186 3071 4254 illos
3120 4186 3333 4270 6-9,
3403 4211 3565 4273 quos
3612 4192 3991 4273 praeteritos

721 4308 876 4352 ‚esse
921 4293 1071 4372 post
1114 4313 1169 4354 v.
1217 4289 1305 4354 30
1347 4294 1655 4370 senserat,
1728 4289 2060 4373 (quoniam
2128 4295 2193 4355 et
2263 4293 2398 4373 ipse
2458 4290 2566 4354 ille
2611 4292 2794 4355 iuxta
2840 4314 2896 4354 v.
2947 4291 3034 4356 30
3074 4294 3408 4357 exterioris
3455 4295 3764 4376 marginis
3813 4293 3990 4359 locus

719 4413 922 4456 nversu
985 4392 1067 4457 31
1138 4396 1203 4456 et
1267 4393 1529 4457 inferior
1594 4395 1871 4477 paginae
1936 4414 2162 4475 margo
2231 4418 2287 4457 V.
2337 4394 2421 4457 36
2488 4398 2627 4459 erat
2690 4393 3068 4479 occupatus)
3117 4397 3184 4459 in
3230 4395 3664 4479 superiore*)
3713 4396 3989 4479 paginae

1038 4629 1089 4696 *)
1137 4629 1322 4681 Etiam
1377 4629 1434 4679 in
1483 4627 1860 4695 palimpsestis
1915 4627 2222 4693 Plautinis,
2275 4630 2371 4692 qui
2430 4632 2488 4683 in
2539 4633 3057 4698 antiquissimorum
3111 4633 3366 4686 codicum
3423 4632 3752 4686 Latinorum
3815 4649 3990 4686 manu

1138 4697 1474 4774 scr-iptorum
1512 4712 1744 4749 numero
1780 4696 2074 4761 habentur,
2109 4696 2180 4775 in¹
2209 4699 2489 4774 superiore
2525 4700 2763 4768 paginae
2795 4702 2898 4755 433
2935 4703 3185 4769 margine
3221 4705 3334 4754 tres
3369 4701 3680 4756 tetrametri
3712 4701 3984 4754 trochaici

1135 4764 1590 4899 iffizl'ggllffi'glss'
1615 4764 1996 4886 ligiffl—196)
2051 4764 2230 4818 addm
2288 4771 2434 4819 sunt.
2531 4769 2597 4821 cf.
2647 4768 2705 4822 C.
2744 4768 2803 4822 E.
2843 4768 3085 4837 Geppert
3143 4760 3317 4834 „Uber
3371 4769 3480 4823 den
3538 4768 3668 4823 Cod.
3727 4769 3981 4823 Ambros.

3653 4942 3690 4992 3

4172 4649 4174 4678 J

4169 4693 4174 4706 a

4169 4831 4172 4838 .

4169 4911 4172 4938 J

4169 4943 4172 4990 l

4167 4995 4172 5136 l

4163 5155 4170 5284 Ι
