4257 5461
1951 503 1990 568 8

350 713 604 778 tissime
649 710 977 795 perturbet
1020 732 1225 793 neque
1272 732 1420 774 vero
1461 711 1548 774 sit
1592 710 1726 773 heri
1772 708 2046 772 Romani
2093 729 2275 771 servo
2321 729 2389 771 se
2437 730 2759 788 excusare,
2823 710 3078 773 etiamsi
3124 711 3420 776 iuvenilis
3468 715 3606 779 eius

355 816 640 881 levitatis
687 816 982 880 conscius
1030 814 1370 895 sociusque
1416 813 1656 877 fuerit‘?
1745 811 1927 876 Adde
1983 811 2246 875 verbum
2316 812 2653 890 „decuere“
2723 811 2805 894 (v.
2855 813 2999 894 32),
3064 835 3190 895 quo
3258 815 3609 896 significari

355 920 639 996 videtur,
717 918 1031 982 eiusmodi
1106 916 1472 999 voluptates
1541 936 1669 980 non
1738 914 1944 978 solum
2012 915 2247 978 aetatis
2314 916 2501 995 quasi
2569 917 3047 980 excusationem
3117 917 3385 994 habere,
3465 939 3612 981 cum

356 1022 876 1089 adulescentibus
932 1043 1060 1084 non
1121 1020 1502 1101 sint.plane
1564 1019 1896 1099 indignae,
1963 1017 2074 1082 sed
2142 1020 2336 1081 etiam
2400 1020 2735 1081 convenire
2800 1018 3081 1100 quodam
3120 1019 3312 1083 modo
3358 1020 3610 1084 florenti

355 1128 574 1192 aetati.
668 1125 796 1190 Sed
834 1125 1026 1188 nimis
1070 1124 1304 1186 multa:
1354 1125 1761 1205 perspicuum
1806 1127 1904 1184 631
1950 1123 2119 1184 6111111
2162 1143 2413 1183 versum
2460 1121 2544 1184 36
2589 1143 2837 1184 morum
2872 1121 3143 1186 alicuius
3177 1124 3610 1205 praeceptoris

355 1254 432 1297 ac
478 1232 691 1314 patrui
739 1251 898 1307 esse,
943 1228 1054 1309 qui
1099 1229 1370 1290 miratus
1419 1232 1556 1290 erat
1600 1227 1821 1290 herum
1871 1226 2231 1288 Romanum
2278 1244 2422 1285 cum
2469 1244 2651 1286 servo
2683 1228 2819 1287 tam
2851 1228 3066 1307 aperte
3102 1247 3176 1288 ac
3208 1224 3613 1289 familiariter

356 1356 565 1415 agere,
614 1331 1027 1397 subditicium
1075 1350 1225 1410 ergo
1274 1351 1348 1391 ac
1395 1329 1754 1392 delendum.

659 1435 973 1515 Deinceps
1020 1431 1097 1494 de
1140 1433 1219 1495 iis
1268 1432 1492 1494 Lehrsi
1539 1429 2150 1494 commutationibus
2200 1429 2557 1503 dicendum,
2606 1450 2767 1509 quas
2814 1429 3022 1492 adhuc
3064 1451 3191 1493 non
3239 1429 3607 1495 diiudicavi.

663 1540 752 1601 Ac
810 1537 1084 1619 primum
1143 1535 1401 1616 quidem
1473 1534 1642 1616 quod
1703 1555 1956 1596 versum
2005 1532 2044 1596 5
2091 1534 2322 1596 lacuna
2384 1540 2751 1614 corruptum
2816 1554 2956 1596 esse
3020 1533 3188 1609 vult,
3259 1533 3423 1597 infra
3471 1535 3612 1598 loco

356 1640 565 1720 magis
614 1639 840 1702 idoneo
888 1659 1236 1720 exponam3
1299 1638 1469 1718 quod
1533 1660 1678 1699 cum
1725 1659 1821 1698 vir.
1877 1636 2128 1699 11-13
2197 1637 2388 1699 etiam
2442 1635 2523 1698 10
2569 1635 2851 1711 3113111111,
2901 1635 2977 1697 de
3024 1657 3099 1698 ea
3140 1658 3205 1698 re
3252 1636 3407 1718 quid
3453 1638 3611 1700 mihi

358 1742 651 1805 videatur
710 1762 902 1823 supra
966 1738 1218 1822 prot-uli.
1311 1739 1555 1802 Deinde
1622 1762 1717 1802 vv.
1792 1739 1975 1822 16117
2051 1743 2198 1821 post
2256 1763 2312 1801 v.
2379 1739 2460 1801 28
2516 1741 2730 1820 posuit
2786 1739 3122 1801 exstinctis
3189 1762 3287 1802 vv.
3336 1739 3610 1818 29-31,

358 1844 656 1906 nimirum
720 1850 791 1905 ut
847 1848 910 1906 et
970 1842 1257 1905 versibus
1316 1844 1354 1904 6
1387 1844 1483 1905 -9
1549 1843 2002 1924 incipientibus
2067 1866 2104 1905 a
2160 1844 2532 1925 pronomine
2600 1842 2770 1919 „me“
2850 1840 3103 1924 (deletis
3162 1866 3259 1906 vv.
3330 1843 3607 1925 10-13)

355 1949 813 2029 responderent
855 1968 1075 2009 versus
1126 1944 1342 2022 14³15,
1417 1952 1480 2008 et
1544 1945 1858 2008 eiusmodi
1908 1947 2197 2010 versibus
2248 1943 2485 2029 (16117)
2536 1946 2881 2027 potiretur,
2947 1967 3216 2027 quorum
3262 1967 3608 2027 pronomen

364 2051 535 2131 „me“
602 2051 855 2113 initium
920 2051 1005 2112 sit
1063 2049 1223 2112 bene
1273 2051 1638 2131 oppositum
1699 2049 1794 2111 1111
1856 2051 2216 2131 pronomini
2270 2049 2487 2128 „tibi“,
2550 2049 2722 2131 quod
2768 2049 2832 2109 in
2880 2072 2935 2110 v.
2986 2048 3061 2111 21
3114 2048 3348 2128 legitur
3369 2048 3448 2132 ,*)
3517 2046 3608 2130 (id

356 2155 529 2236 quod
577 2153 892 2217 Ribbecki
939 2154 1387 2215 auctoritatem
1434 2158 1692 2215 secutus
1757 2173 1876 2232 ego
1940 2154 2032 2215 ita
2095 2153 2387 2230 institui,
2452 2158 2524 2215 ut
2580 2175 2676 2213 vv.
2730 2153 2898 2215 6-9
2946 2156 3092 2234 post
3138 2175 3192 2215 v.
3242 2152 3328 2216 30
3373 2149 3611 2233 (deleto

356 2280 412 2319 v.
464 2255 572 2337 31)
621 2255 1152 2337 transponerem.)
1216 2258 1304 2318 Ac
1353 2256 1577 2318 Lehrsi
1623 2256 1782 2318 illud
1829 2257 1986 2319 mihi
2034 2278 2160 2319 non
2206 2257 2437 2339 placet,
2484 2254 2650 2337 quod
2703 2278 2799 2317 vv.
2852 2256 2993 2317 14-
3024 2256 3100 2317 17
3148 2255 3311 2319 inter
3354 2277 3421 2318 se
3461 2258 3615 2318 sunt

357 2360 895 2436 coniunctissimi,
959 2359 1194 2440 quippe
1258 2359 1322 2420 in
1381 2359 1612 2439 quibus
1682 2359 1856 2421 vilici
1902 2361 2373 2423 inconstantiae
2423 2360 2648 2422 Horati
2699 2359 3065 2421 constantia
3113 2359 3203 2420 ita
3251 2362 3614 2440 opponatur

355 2468 429 2527 111
473 2464 726 2544 utrique
775 2484 991 2526 eorum
1032 2462 1168 2524 bini
1214 2462 1569 2524 hexametri
1613 2462 1994 2525 tribuantur.
2091 2464 2266 2538 Quae
2330 2463 2759 2544 aequabilitas
2822 2461 3042 2524 Lehrsi
3107 2461 3613 2525 commutatione

359 2567 594 2628 interit.
2178 2617 2184 2624 .

665 2668 825 2732 Tum
871 2692 966 2730 vv.
1017 2668 1292 2746 29-31,
1341 2669 1443 2746 36,
1494 2670 1575 2730 44
1623 2670 1859 2733 delevit
1905 2669 2121 2733 Lehrs.
2218 2670 2308 2733 Ac
2354 2691 2450 2732 vv.
2500 2669 2578 2730 31
2630 2672 2692 2729 et
2736 2668 2820 2730 36
2851 2667 3109 2749 quidem
3156 2671 3324 2732 recte
3368 2673 3433 2732 et
3478 2670 3613 2734 iure

357 2793 502 2834 eum
550 2772 887 2835 sustulisse
934 2795 1126 2854 supra
1174 2774 1643 2850 demonstravi,
1694 2797 1786 2834 vv.
1826 2772 2014 2840 29130
2059 2795 2172 2836 cur
2218 2774 2455 2855 optime
2505 2794 2756 2834 manere
2805 2773 2869 2833 in
2904 2772 3042 2834 loco
3078 2793 3194 2835 suo
3228 2773 3610 2845 existimem,

358 2874 524 2937 infra
562 2875 880 2956 explicare
928 2876 1067 2938 loco
1112 2877 1321 2954 magis
1366 2881 1724 2957 opportuno
1773 2876 2069 2939 conabor.
2141 2876 2209 2939 V.
2246 2876 2329 2938 44
2365 2876 2625 2956 („quam
2652 2877 2774 2938 scit
2804 2884 3069 2955 uterque
3102 2874 3307 2938 libens
3340 2876 3614 2941 censebo

357 2982 652 3041 exerceat
714 2976 985 3058 artem“)
1045 2980 1277 3041 16611113
1342 2981 1704 3041 conservari
1760 3002 1953 3059 quam
2013 2978 2156 3042 tolli
2216 2979 2372 3041 mihi
2437 2979 2721 3054 videtur,
2789 2978 2943 3059 quia
3002 2982 3207 3042 totam
3269 2979 3614 3061 epistulam

358 3080 586 3145 melius
619 3081 701 3143 ad
747 3082 937 3143 finem
984 3082 1274 3162 perducit
1319 3105 1511 3162 quam
1562 3106 1614 3143 v.
1665 3082 1764 3144 43.
1857 3083 1993 3145 Hoc
2040 3083 2210 3145 enim
2255 3105 2443 3145 versu
2489 3104 2633 3144 611111
2673 3081 3041 3144 dehortetur
3072 3082 3378 3145 Horatius
3414 3082 3609 3145 simili

356 3184 638 3265 quodam
709 3206 863 3247 usus
930 3184 1026 3247 vel
1098 3185 1393 3265 negando
1459 3191 1769 3266 tanquam
1835 3186 2063 3248 doceat
2131 3185 2409 3262 vilicum,
2478 3184 2633 3266 quid
2700 3205 2829 3247 non
2898 3186 2983 3249 sit
3050 3185 3457 3263 faciendum,
3529 3208 3608 3248 ne

358 3290 673 3369 perversis
720 3288 888 3351 votis
937 3309 1011 3349 ac
1057 3286 1433 3350 libidinibus
1484 3289 1773 3367 iactetur,
1824 3311 2010 3351 versu
2055 3288 2139 3349 44
2188 3288 2567 3350 affirmando
2616 3291 2679 3351 et
2724 3289 2911 3368 quasi
2958 3288 3162 3368 legem
3210 3290 3603 3351 constituens

357 3389 559 3468 addit,
623 3391 779 3472 quid
843 3392 928 3453 sit
988 3390 1351 3453 faciendum
1416 3395 1488 3453 ut
1549 3414 1823 3472 aequum
1887 3391 2010 3465 sibi
2058 3393 2342 3454 animum
2391 3395 2718 3472 comparet
2763 3394 3059 3471 sorteque
3106 3413 3224 3453 sua
3270 3395 3605 3454 contentus

358 3494 569 3556 vivere
637 3494 860 3575 possit.
980 3493 1116 3568 Qua
1185 3516 1250 3556 re
1320 3500 1382 3556 et
1450 3495 1600 3557 ficta
1666 3494 1776 3556 illa
1842 3495 2155 3577 epistulae
2224 3495 2306 3556 ad
2354 3494 2612 3556 vilicum
2685 3494 2907 3556 missio
2976 3516 3117 3557 cum
3188 3493 3613 3557 delectatione

357 3594 707 3676 legentium
753 3597 835 3659 ad
878 3598 1066 3659 finem
1115 3599 1442 3678 peragitur
1489 3603 1552 3659 et
1599 3598 2033 3660 controversia
2081 3596 2193 3659 illa
2241 3598 2468 3660 Horati
2514 3602 2578 3660 et
2624 3597 2796 3659 vilici
2845 3596 3267 3674 diiudicatur,
3333 3596 3612 3658 maxime

357 3697 558 3761 futuri
602 3701 908 3781 temporis
962 3699 1372 3783 („censebo“)
1424 3703 1504 3778 vi,
1551 3724 1678 3782 qua
1723 3702 1910 3763 herus
1954 3701 2266 3782 praedicit
2314 3722 2495 3763 servo
2541 3705 2613 3763 ut
2657 3722 2736 3762 ne
2782 3722 3064 3782 unquam
3127 3704 3273 3782 post
3319 3699 3393 3761 de
3441 3699 3611 3759 vitae

359 3823 514 3865 suae
561 3803 934 3865 condicione
979 3810 1298 3883 queratur,
1346 3804 1862 3885 quandoquidem
1911 3805 2195 3867 futurum
2246 3805 2331 3867 sit
2364 3808 2432 3866 ut
2466 3826 2713 3886 semper
2749 3804 2969 3866 eadem
3004 3825 3131 3883 qua
3165 3822 3331 3865 nunc
3363 3799 3613 3862 ratione

361 3927 400 3966 a
445 3927 512 3967 se
559 3906 918 3987 repellatur.
975 3940 1047 3949 —

668 4027 758 4087 De
807 4026 1078 4106 singulis
1126 4027 1344 4102 rebus,
1411 4050 1572 4107 quas
1637 4034 1748 4090 aut
1807 4028 2097 4091 Ribbeck
2160 4032 2271 4090 aut
2317 4028 2515 4090 Lehrs
2561 4027 2864 4104 mutavit,
2928 4026 3080 4106 quid
3128 4026 3486 4107 quibusque
3536 4025 3612 4087 de

361 4129 574 4191 causis
622 4130 955 4207 sentirem,
1018 4130 1176 4192 satis
1235 4129 1475 4191 dictum
1531 4141 1646 4204 est,
1696 4152 1862 4192 nunc
1911 4133 1973 4192 in
2024 4153 2148 4193 uno
2197 4134 2543 4211 conspectu
2590 4151 2825 4212 ponam
2871 4130 3061 4192 rebus
3110 4152 3147 4191 a
3195 4152 3294 4192 me
3341 4129 3608 4191 mutatis

361 4254 525 4313 quae
573 4233 846 4294 exsistat
891 4234 1090 4296 totius
1139 4233 1451 4313 epistulae
1501 4254 1663 4294 nova
1711 4233 1935 4312 forma,
1984 4256 2110 4314 quo
2158 4234 2412 4296 facilius
2451 4234 2878 4314 intellegatur,
2943 4233 3096 4314 quid
3146 4256 3218 4295 ea
3264 4233 3346 4295 ad
3394 4234 3615 4312 singu-

668 4453 717 4520 >³)
755 4469 838 4503 vv.
876 4453 1033 4503 6—-91
1079 4470 1191 4516 „me
1228 4454 1479 4517 quamvis
1517 4454 1741 4505 Lamiae
1780 4455 1956 4519 pietas
1993 4460 2045 4507 et
2078 4474 2212 4507 cura
2250 4461 2526 4507 moramr*
2571 4459 2671 4506 etc.

863 4522 1036 4588 14315:
1082 4526 1172 4580 ,tu
1207 4521 1572 4572 mediastinus
1609 4523 1776 4573 11161111
1817 4539 1975 4586 prece
2013 4541 2142 4575 rura
2184 4525 2425 4590 petebaS,

1081 4606 1226 4640 1111116
1266 4589 1456 4638 urbem
1496 4595 1547 4640 et
1586 4589 1744 4640 ludos
1788 4599 1840 4640 61
1880 4590 2075 4642 balnea
2116 4593 2312 4643 vilicus
2348 4596 2553 4656 optas.“

676 4672 757 4705 vv.
797 4659 859 4708 21
901 4674 1044 4721 sqq:
1087 4699 1095 4708 .
1172 4699 1181 4707 .
1259 4699 1266 4707 .
1344 4699 1353 4707 .
1432 4699 1440 4706 .
1520 4658 1753 4710 „Fornix
1791 4658 1891 4707 11111
1931 4665 1981 4708 ct
2020 4665 2189 4711 uncta
2228 4660 2430 4725 popina

1084 4726 1359 4775 incutiunt
1401 4726 1551 4776 urbis
1592 4725 1954 4776 desiderium*
2003 4735 2101 4778 etc.

876 4795 1050 4860 12517:
1093 4811 1206 4858 „me
1245 4799 1499 4844 constare
1538 4793 1671 4844 mihi
1715 4794 1820 4843 scis
1862 4799 1916 4844 et
1954 4795 2233 4847 discedere
2272 4797 2486 4848 tristem

1086 4862 1528 4925 quan‹lm-unque
1567 4863 1797 4912 trahunt
1836 4862 2010 4915 invisa
2053 4867 2272 4927 nogotia
2315 4867 2589 4916 Romanis*
