4257 5461
1753 516 1964 610 m}
1999 605 2156 612 „„-

333 734 429 774 vv.
495 712 577 776 32
625 736 761 795 sqq.
833 714 1134 794 collocat3
1211 717 1483 799 denique
1548 741 1799 783 versum
1860 720 1944 784 36
2007 722 2250 804 excipit
2317 748 2372 787 v.
2443 726 2546 793 35.
2656 727 2853 793 Lehrs
2923 752 3174 795 versum
3244 731 3284 795 5
3348 733 3587 800 lacuna

327 814 883 897 corruptum'esse
932 820 1297 901 suspicatur
1340 824 1412 884 ut
1455 821 1630 903 legat

943 921 1216 999 „evellas
1264 943 1420 1002 agro
1523 975 3144 1001 ................
3165 918 3251 1002 1.
3348 991 3359 1002 .
3456 992 3465 1003 .
3563 992 3574 1004 .

939 1075 1486 1090 ......
1518 1038 1594 1090 ’.
1691 1079 1702 1091 .
1797 1081 1808 1092 .
1906 1081 1916 1093 .
2013 1083 2023 1093 .
2120 1084 2132 1095 .
2229 1085 2240 1096 .
2335 1085 2347 1098 .
2416 1039 2481 1099 et
2524 1037 2748 1101 melior
2794 1010 2879 1103 sit
2926 1042 3231 1107 Horatius
3279 1066 3361 1107 an
3409 1046 3568 1109 res“

326 1145 423 1185 vv.
478 1124 727 1188 10-13
771 1125 958 1203 delet,
1007 1151 1103 1189 v.v
1157 1128 1256 1206 16,
1309 1130 1385 1191 17
1434 1134 1583 1211 post
1627 1153 1681 1193 v
1734 1131 1815 1195 28
1862 1135 2061 1215 ponit,
2110 1159 2207 1198 vv.
2258 1136 2418 1201 29-
2429 1138 2532 1217 31,
2580 1139 2684 1219 36,
2732 1142 2815 1204 44
2860 1143 3049 1206 tollit.

632 1244 748 1308 His
797 1248 957 1310 satis
1006 1250 1282 1327 cognitis
1321 1272 1486 1331 (11130
1533 1253 1662 1315 iam
1707 1254 1884 1317 brevi
1931 1256 1997 1316 in
2043 1262 2392 1339 conspectu
2436 1262 2648 1342 posita
2697 1267 2877 1339 sunt,
2944 1286 3110 1327 nunc
3158 1265 3234 1328 de
3297 1268 3572 1347 singulis

326 1347 625 1430 deinceps
672 1349 831 1413 locis
879 1374 1084 1433 pauca
1132 1352 1434 1416 dicemus
1529 1355 1810 1418 Primum
1861 1357 2059 1436 igitur
2104 1381 2525 1439 quaeramUS,
2591 1369 2760 1427 recte
2807 1387 3003 1429 necne
3063 1389 3161 1429 vv.
3211 1368 3328 1431 6-
3340 1370 3381 1433 9
3427 1374 3602 1452 post·

323 1472 377 1511 v
447 1450 532 1514 30
598 1452 1005 1518 collocaverit
1066 1457 1356 1519 Ribbeck
1417 1457 1711 1537 neglecto
1773 1460 1852 1521 ad
1913 1464 2166 1543 tempus
2239 1486 2426 1527 versu
2485 1465 2554 1543 5,
2628 1489 2817 1548 quem
2875 1463 3073 1531 L·eh1s
3145 1471 3280 1533 vult
3341 1472 3575 1537 lacuna

323 1557 691 1636 corruptum
753 1579 925 1635 esse,
989 1560 1162 1640 quod
1227 1560 1303 1621 de
1366 1582 1439 1621 eo
1503 1565 1728 1642 postea
1786 1564 2012 1627 melius
2080 1566 2521 1632 disserendum
2585 1571 2722 1632 erit.
2816 1572 3024 1652 Atque
3083 1573 3268 1636 initio
3314 1576 3572 1655 quidem

321 1656 590 1720 forsitan
634 1659 1016 1723 arbitremur
1062 1660 1156 1743 (id
1196 1663 1372 1743 'quod
1413 1663 1690 1744 probant
1736 1665 1933 1728 Lehrs
1982 1668 2018 1729 l.
2054 1668 2111 1741 ‚,l.
2163 1673 2228 1732 et
2257 1669 2563 1754 Schiitz*)
2612 1673 2933 1754 praeclare
2980 1695 3087 1736 eos
3132 1698 3318 1739 suum
3362 1677 3573 1742 locum

322 1760 626 1837 obtinere,
675 1764 827 1843 quia
875 1764 1009 1827 iure
1055 1766 1119 1827 in
1168 1766 1353 1828 initio
1399 1766 1712 1848 epistulae
1758 1769 1822 1830 id
1870 1771 2164 1852 posuisse
2211 1772 2505 1836 videatur
2550 1779 2759 1856 poeta,
2820 1778 2948 1857 qua
2995 1777 3328 1842 affectione
3374 1781 3573 1844 animi

320 1869 644 1946 permotus
715 1872 778 1929 et
841 1890 968 1949 qua
1038 1868 1256 1933 oblata
1315 1872 1650 1934 occasione
1699 1873 1778 1935 ad
1827 1875 2230 1939 scribendam
2277 1876 2441 1939 hanc
2488 1877 2830 1959 epistulam
2878 1899 3222 1959 aggressus
3272 1883 3387 1961 sit,
3458 1884 3572 1946 sed

319 1968 429 2046 qui
491 1968 684 2048 paulo
742 1970 1115 2051 diligentius
1177 1996 1318 2037 eam
1364 1975 1733 2058 inspexerit,
1782 1977 1969 2040 facile
2018 1983 2364 2057 cognoscet
2408 2001 2520 2061 per
2563 1983 2771 2044 totum
2817 2003 3073 2044 carmen
3119 1983 3454 2047 Horatium
3503 2008 3576 2049 se

320 2069 530 2152 ipsum
592 2094 899 2154 suamque
960 2077 1128 2138 vitae
1189 2078 1503 2141 rationem
1566 2102 1761 2159 quam
1821 2081 2097 2144 maxime
2145 2082 2477 2163 perspicue
2520 2104 2663 2146 cum
2722 2083 2912 2146 vilico
2960 2089 3024 2148 et
3068 2087 3204 2149 eius
3253 2088 3577 2153 desiderio

324 2174 617 2255 votisque
660 2175 877 2241 stultis
927 2182 1418 2263 comparavisse,
1462 2186 1533 2244 ut
1578 2185 1935 2265 pugnantia
1982 2183 2148 2246 inter
2194 2206 2261 2247 se
2309 2187 2754 2265 coniungendo
2801 2192 2861 2250 et
2908 2187 2991 2249 ad
3037 2188 3229 2267 vilici,
3278 2194 3385 2271 qui
3433 2197 3571 2257 erat

320 2279 510 2341 homo
556 2281 732 2343 rudis
780 2304 853 2344 ac
900 2283 1146 2359 brutuS,
1191 2284 1446 2347 tardum
1494 2286 1822 2367 ingenium
1870 2286 2283 2350 descenderet
2327 2292 2391 2351 et
2432 2290 2693 2367 amicos,
2741 2311 2903 2370 quos
2935 2313 3000 2353 re
3031 2315 3179 2355 vera
3213 2296 3567 2376 spectabat,

320 2385 655 2448 antithetis
706 2384 835 2447 illis
884 2386 1109 2449 facetis
1156 2387 1507 2452 oblectaret
1553 2394 1746 2471 atque
1793 2393 2065 2472 caperet.
2160 2390 2334 2466 Quas
2380 2413 2480 2454 res
2512 2393 2866 2456 contrarias
2897 2396 3220 2475 significat
3252 2399 3568 2480 oppositis

318 2489 483 2550 inter
529 2511 597 2551 se
646 2490 1126 2570 pronominibus
1182 2512 1357 2571 „ego,
1411 2514 1530 2570 me,
1594 2492 1751 2555 mihi
1809 2528 1877 2538 —
1928 2497 2018 2571 t'u,
2083 2498 2168 2570 te,
2227 2494 2410 2572 tibi“,
2459 2504 2530 2557 ut
2576 2496 2639 2557 in
2689 2519 2785 2559 vv.
2841 2499 2894 2574 1,
2944 2497 2982 2558 2
3032 2498 3157 2578 (me
3218 2533 3281 2544 -
3329 2500 3450 2582 tu),
3499 2503 3567 2565 in

318 2615 373 2655 v.
423 2592 463 2654 4
512 2591 657 2674 (ego
710 2630 779 2639 —
832 2594 952 2675 tu),
1002 2595 1064 2656 in
1114 2618 1166 2658 v.
1222 2595 1302 2658 10
1345 2593 1491 2677 (ego
1547 2631 1629 2646 --
1666 2593 1786 2679 tu),
1836 2598 1901 2659 in
1949 2621 2042 2659 νν.
2095 2598 2195 2675 14,
2246 2598 2327 2662 16
2375 2596 2473 2681 (tu
2525 2635 2597 2644 —
2647 2599 2795 2680 me),
2861 2601 2924 2661 in
2971 2624 3026 2662 v.
3080 2602 3158 2665 19
3205 2601 3457 2686 (meque
3504 2609 3569 2669 et

315 2695 427 2779 te),
477 2699 541 2761 in
590 2720 642 2759 v.
695 2698 779 2762 20
826 2697 1067 2784 (credis
1119 2736 1194 2745 —-
1244 2716 1513 2763 1110011111
1569 2700 1678 2781 (1111
1727 2699 1983 2782 sentit),
2040 2702 2105 2764 in
2151 2724 2247 2763 VV.
2299 2701 2400 2781 20,
2449 2701 2527 2765 21
2581 2699 2874 2786 (mecum
2921 2707 3031 2787 qui
3077 2707 3273 2769 sentit
3320 2713 3381 2771 et
3427 2708 3564 2773 odit

315 2824 478 2883 quae
524 2804 603 2865 tu
651 2802 797 2883 etc.)

620 2908 758 2985 Qua
806 2930 870 2970 re
925 2907 1119 2990 probe
1168 2906 1458 2971 stabilita
1529 2914 1592 2972 et
1656 2911 1785 2972 fixa
1853 2909 2009 2971 nihil
2071 2909 2341 2990 impedit
2404 2910 2744 2990 quominus
2808 2911 2928 2972 hoc
2990 2920 3435 2993 argumentum
3481 2916 3562 2980 iis

314 3034 567 3095 quoque
615 3011 774 3075 locis
822 3033 1185 3094 premamus
1229 3010 1340 3074 ubi
1388 3012 1618 3075 desunt
1665 3035 1739 3075 ea
1787 3012 2135 3090 antitheta,
2206 3014 2499 3093 quamvis
2563 3013 3029 3093 desiderentur,
3104 3017 3169 3078 in
3216 3040 3312 3080 vv.
3351 3019 3560 3099 ‘igitur

315 3120 502 3197 6-9,
551 3117 804 3200 quibus,
853 3139 996 3180 cum
1043 3115 1355 3197 incipiant
1401 3138 1437 3177 a
1485 3117 1857 3197 pronomine
1912 3117 2083 3195 „me“
2138 3117 2518 3196 gravissime
2563 3118 2775 3198 posito
2821 3119 2886 3180 in
2935 3118 3119 3181 initio
3184 3119 3559 3201 hexametri,

312 3226 528 3285 tamen
575 3241 796 3283 versus
843 3220 1254 3301 insequentes
1300 3240 1427 3282 non
1476 3219 1897 3301 respondent,
1969 3218 2206 3301 quippe
2265 3240 2536 3301 quorum
2591 3220 2845 3283 initium
2907 3243 3033 3287 non
3081 3223 3168 3287 sit
3211 3245 3559 3306 pronomen

319 3326 460 3404 „tu“
517 3324 625 3406 (te,
674 3322 843 3404 tibi),
893 3324 1005 3386 sed
1049 3322 1215 3385 male
1262 3322 1584 3385 adiectum
1640 3323 1831 3403 „ego“
1886 3321 1977 3403 (in
2024 3345 2080 3385 v.
2134 3322 2263 3402 10),
2309 3327 2384 3385 ut
2413 3322 2527 3387 bis
2564 3323 2677 3387 sui
2711 3325 2915 3406 ipsius
2945 3327 3333 3390 mentionem
3363 3327 3562 3391 faciat

312 3429 616 3491 Horatius
682 3427 1164 3510 pronominibus
1242 3427 1412 3506 „me“
1490 3430 1553 3489 et
1620 3427 1812 3506 „ego“
1891 3425 1983 3506 (in
2031 3449 2127 3489 vv.
2179 3427 2236 3503 6,
2286 3425 2394 3508 10)
2465 3427 2645 3507 gravi
2709 3428 3115 3509 violentoque
3181 3431 3355 3493 vocis
3400 3453 3558 3496 sono

310 3532 822 3613 pronuntiandis,
870 3530 1098 3594 deinde
1145 3529 1359 3593 semel
1407 3532 1704 3612 opposito
1750 3531 2122 3613 pronomine
2177 3529 2319 3609 „tu“
2397 3527 2488 3612 (in
2534 3552 2591 3592 v.
2644 3528 2750 3612 10)
2801 3530 2886 3593 ad
2936 3530 3226 3594 vilicum
3272 3537 3561 3597 transeat

310 3635 523 3699 semel.
614 3636 954 3698 Praeterea
1000 3657 1077 3696 ex
1123 3634 1264 3716 ipso
1311 3657 1365 3696 v.
1417 3634 1499 3698 10
1542 3634 1774 3711 elucet,
1839 3633 1998 3696 illud
2052 3634 2195 3713 „tu“
2244 3633 2435 3696 modo
2482 3632 2562 3696 ad
2612 3633 2897 3697 eiusdem
2943 3657 3163 3698 versus
3211 3658 3555 3718 pronomen

316 3738 505 3818 „ego“
559 3738 954 3801 referendum
1004 3760 1162 3814 esse,
1212 3758 1337 3801 non
1385 3737 1467 3800 ad
1516 3759 1736 3800 versus
1784 3738 1824 3801 6
1870 3758 2217 3819 pronomen
2284 3736 2483 3817 „me“,
2530 3737 2683 3817 quia
2716 3738 2990 3819 primum
3022 3744 3169 3821 post
3200 3738 3552 3802 hexametri

306 3864 637 3905 caesuram
685 3842 1208 3923 semiquinariam
1256 3842 1464 3905 locum
1512 3841 1818 3919 obtineat,
1867 3845 1939 3904 ut
1983 3841 2086 3904 hic
2133 3863 2373 3920 versuS,
2421 3841 2532 3922 qui
2572 3841 2766 3904 etiarn
2812 3842 3323 3923 interpunctione
3369 3845 3432 3905 et
3472 3841 3554 3906 ab

305 3944 829 4007 antecedentibus
875 3949 939 4007 et
983 3945 1467 4026 insequentibus
1529 3945 1612 4008 ab
1678 3946 2068 4009 hexametris
2116 3944 2404 4008 seclusus
2452 3946 2569 4023 est,
2637 3944 2961 4026 praeclare
3017 3945 3084 4006 in
3130 3944 3292 4007 duas
3339 3948 3560 4027 partes

305 4047 607 4131 aequales
654 4048 999 4125 dividatur,
1045 4069 1316 4128 quarum
1359 4052 1629 4130 utraque
1674 4048 1920 4112 orditur
1966 4071 2005 4111 a
2050 4048 2448 4111 nominativo
2497 4046 2942 4129 pronominum
2985 4048 3150 4110 inter
3195 4069 3263 4111 se
3296 4049 3555 4130 opposi-

303 4157 515 4216 torum
564 4150 788 4233 („ego“
849 4186 918 4197 -
979 4151 1177 4231 „tu“),
1224 4152 1315 4215 ita
1360 4156 1577 4215 tamen
1624 4155 1696 4215 ut
1727 4151 1966 4234 optime
1999 4151 2325 4215 chiasmus
2355 4150 2630 4213 exsistat
2666 4146 2834 4230 (rure
2869 4170 2988 4230 ego
3039 4185 3092 4194 ·-
3132 4155 3204 4214 tu
3239 4151 3304 4213 in
3333 4149 3548 4234 urbe):

1052 4254 1255 4334 „Rure
1300 4275 1420 4336 ego
1467 4255 1805 4332 viventem,
1852 4258 1925 4318 tu
1969 4254 2132 4318 dicis
2178 4254 2244 4316 in
2288 4251 2444 4316 urbe
2490 4251 2810 4316 beatum“.

302 4358 374 4420 Id
421 4378 573 4438 ergo
618 4356 1006 4421 concedatur
1051 4356 1274 4435 nobiS,
1343 4381 1442 4420 vv.
1488 4358 1658 4422 6—9
1705 4358 2060 4438 efflagitare
2119 4356 2407 4420 debitum
2462 4355 2855 4436 antitheton,
2922 4355 3142 4420 deesse
3203 4357 3283 4419 iis
3331 4377 3554 4420 versus

302 4461 634 4542 oppositos
702 4466 1042 4525 nascentes
1108 4483 1146 4524 a
1208 4461 1580 4543 pronomine
1653 4462 1787 4541 „te“
1864 4458 1980 4542 (tu,
2027 4458 2197 4542 tibi).
2289 4459 2435 4523 Jam
2499 4480 2648 4522 vero
2705 4480 2784 4522 ne
2843 4463 2993 4542 post
3051 4481 3108 4520 v.
3156 4457 3243 4521 30
3293 4457 3557 4539 quidem

300 4583 514 4625 carere
561 4562 693 4626 ullo
742 4563 932 4627 modo
979 4584 1321 4646 possumus
1369 4584 1680 4646 personae
1726 4565 1969 4646 primae
2015 4563 2410 4646 pronomine,
2458 4561 2634 4644 quod
2679 4561 3064 4645 respondeat
3110 4559 3300 4623 verbo
3353 4561 3545 4641 „tibi“

303 4662 386 4746 (v.
437 4662 545 4748 21)
593 4665 909 4731 collocato
954 4668 1021 4730 in
1067 4666 1253 4729 initio
1301 4666 1476 4731 illius
1518 4666 1764 4749 periodi
1810 4667 1971 4729 satis
2040 4665 2323 4749 amplae,
2399 4688 2527 4747 qua
2588 4666 2776 4729 docet
2820 4663 3125 4728 Horatius
3183 4663 3416 4747 quibus
3472 4665 3559 4729 de

602 4884 654 4951 *)
699 4885 760 4951 Q.
794 4886 923 4938 Hor.
959 4887 1138 4940 Flacc.
1176 4889 1269 4954 III,
1306 4904 1430 4955 pag.
1467 4889 1584 4941 345.
