4257 5461
2374 461 2378 463 “
2408 445 2491 511 15

821 658 1100 723 homines
1166 657 1460 737 eruditos)
1529 657 1804 745 spectare
1870 656 1938 719 et
2001 653 2343 735 antiquitus
2409 670 2613 718 servos
2674 652 3038 735 plerumque
3079 654 3244 719 haud
3289 653 3377 719 ita
3422 655 3755 721 clementer
3801 659 3994 723 tracta

827 781 971 827 esse.
1064 759 1290 838 Contra
1353 760 1543 844 igitur
1607 777 1678 824 ac
1743 745 1935 822 Lehrs
1999 760 2250 841 propter
2311 756 2446 839 ipsa
2515 756 2698 820 verba
2761 757 3062 822 contraria
3128 760 3190 823 et
3259 757 3452 824 facete
3495 760 3655 824 inter
3702 780 3765 826 se
3813 781 3999 845 oppos

825 865 1146 949 egregium
1191 862 1470 929 existimo
1511 881 1641 926 esse
1687 882 1743 944 y.
1793 863 1898 926 29.
1989 861 2224 941 Eadem
2270 861 2344 925 de
2391 878 2573 926 causa
2617 859 2865 926 Schtitzi
2907 860 3019 924 illa
3063 862 3564 944 interpretatione
3624 865 3691 938 (l.
3739 866 3783 932 l.
3830 886 3889 948 p.
3941 870 4001 931 1(

827 969 1042 1053 „piger
1085 966 1245 1032 wohl
1289 966 1458 1043 nicht
1500 965 1724 1049 gerade
1767 965 1928 1044 faul,
1997 965 2262 1029 sondern
2310 964 2451 1028 eber
2495 963 2809 1048 unlustig3
2876 983 3023 1029 man
3068 965 3229 1030 sieht
3257 966 3351 1048 ja,
3399 966 3539 1030 dass
3584 967 3690 1031 der
3734 968 3919 1033 Arme
3963 972 4005 1033 si

825 1072 1102 1138 weidlich
1147 1070 1439 1153 abqualt“
1485 1068 1640 1132 nihil
1688 1088 1841 1151 opus
1886 1070 1996 1133 est.
2088 1069 2258 1149 Quae
2305 1087 2444 1133 cum
2489 1068 2577 1132 ita
2620 1067 2748 1133 sint
2770 1117 2787 1143 ,
2859 1087 3148 1150 quaerere
3203 1070 3577 1147 omittimuS,
3648 1073 3949 1153 quomodo

824 1196 894 1241 eo
963 1176 1124 1258 quod
1188 1178 1443 1257 uterque
1513 1173 1739 1236 sentiat
1805 1173 1877 1237 de
1932 1191 2070 1236 rure
2119 1175 2183 1236 et
2227 1171 2395 1250 urbe,
2464 1173 2880 1254 cognoscatur,
2949 1173 3301 1240 Horatius
3348 1173 3608 1238 melior
3652 1175 3755 1240 sit
3801 1194 3889 1241 an
3935 1196 4009 1241 ru

822 1282 1062 1363 Nempe
1106 1280 1386 1343 videmus
1433 1277 1651 1340 Horati
1696 1277 1972 1341 animum
2021 1276 2098 1340 ab
2146 1277 2276 1359 ipso
2322 1275 2679 1360 diligentius
2723 1275 3060 1358 fortiusque
3106 1276 3343 1341 cultum
3398 1295 3529 1340 esse
3596 1297 3778 1358 quam
3828 1298 3864 1342 a
3907 1281 4011 1343 vili

823 1406 1063 1470 agrum.
1152 1383 1387 1463 Quibus
1431 1381 1611 1444 rebus
1657 1381 1945 1462 expositis
1991 1381 2140 1444 satis
2185 1380 2459 1444 docuisse
2505 1380 2743 1458 videor,
2813 1400 3026 1446 verum
3071 1381 3369 1464 epistulae
3413 1386 3847 1466 argumentum
3893 1384 4013 1448 ines

823 1491 888 1554 in
959 1509 1014 1553 v.
1094 1490 1170 1550 10
1239 1488 1301 1549 et
1371 1505 1510 1550 cum
1583 1485 1695 1547 hoc
1767 1485 2158 1565 maximaque
2228 1484 2525 1566 epistulae
2570 1487 2740 1566 parte
2786 1485 3091 1550 artissime
3136 1484 3488 1549 coniunctos
3534 1506 3662 1551 esse
3707 1507 3804 1550 vv.
3851 1490 3970 1569 415,

824 1593 1103 1659 concidat
1145 1590 1358 1654 Lehrsi
1404 1588 1562 1652 illud
1634 1587 1797 1666 „Mit
1868 1588 1984 1652 der
2025 1586 2272 1651 blossen
2318 1587 2770 1671 Vergleichung
2838 1589 2943 1653 der
3010 1589 3173 1654 Dorn
3188 1608 3283 1668 en,
3349 1590 3445 1655 die
3516 1591 3643 1655 sich
3709 1592 3911 1655 Horaz
3979 1612 4014 1655 a

822 1698 1020 1760 seiner
1086 1691 1281 1762 Seele
1347 1692 1474 1756 und
1543 1691 1640 1755 die
1708 1692 1814 1756 der
1859 1692 2096 1756 Vilicus
2167 1709 2278 1755 aus
2332 1692 2472 1756 dem
2516 1689 2752 1758 Acker
2795 1692 2973 1767 zieht,
3045 1693 3128 1757 ist
3174 1694 3279 1757 der
3323 1693 3751 1776 Uebergang
3797 1716 3881 1761 zu
3929 1697 4021 1762 de

819 1799 1235 1881 Folgcnden
1278 1796 1433 1861 noch
1478 1795 1649 1859 nicht
1692 1795 1984 1879 gegeben,
2030 1796 2095 1859 in
2146 1794 2434 1860 welchem
2479 1796 2772 1860 Horatius
2819 1797 2927 1861 das
2971 1797 3229 1863 Inuera
3288 1798 3395 1862 des
3439 1799 3674 1863 Vilicus
3726 1799 3915 1862 selbst
3971 1819 4023 1862 rr

819 1904 1051 1968 seinem
1114 1903 1369 1985 eigenen
1438 1901 1659 1962 Innern
1727 1899 2216 1983 gegeneinander
2285 1900 2519 1985 stelltJ‘
2635 1901 2716 1964 Et
2757 1901 3022 1982 profecto
3065 1901 3399 1985 prudenter
3443 1920 3513 1967 ac
3557 1903 3747 1967 facete
3795 1904 4027 1967 Horatii

820 2027 941 2072 non
1007 2005 1249 2087 scripsit
1315 2003 1673 2081 „Certemus
1742 2004 1951 2084 spinas
2018 2003 2301 2067 animone
2357 2021 2469 2087 ego
2520 2002 2738 2067 fortius
2782 2023 2861 2069 an
2900 2006 2971 2070 tu
3016 2005 3285 2070 evellas“
3333 1989 3556 2071 omisso
3601 2007 3785 2072 verbo
3833 2026 4029 2090 „agro

822 2113 966 2193 quia
1005 2110 1238 2174 adiecto
1294 2109 1405 2171 hoc
1449 2107 1580 2188 ipso
1641 2107 1825 2170 verbo
1874 2125 1993 2170 non
2041 2107 2244 2170 solum
2290 2107 2366 2170 ad
2413 2107 2649 2171 hebetis
2694 2107 2862 2172 vilici
2907 2108 3222 2193 ingenium
3266 2112 3578 2192 praeclare
3624 2111 3935 2176 descendit
3979 2131 4030 2175 se

821 2214 1009 2278 etiam
1054 2213 1357 2277 urbanum
1400 2211 1796 2292 lapidumque
1838 2211 2021 2275 illum
2067 2211 2233 2275 verbi
2284 2212 2643 2293 „spinarum
2686 2212 2894 2276 lusum
2926 2212 3044 2278 sibi
3074 2215 3466 2296 comparavit.
3556 2215 3719 2296 Quin
3751 2214 4034 2278 absurdu1

818 2318 1066 2397 fuisset,
1139 2318 1190 2381 si
1249 2317 1341 2380 vir
1387 2313 1838 2379 eruditissimus
1884 2317 1946 2377 et
1991 2315 2369 2379 clarissimus
2415 2334 2660 2379 servum
2706 2316 2856 2380 satis
2898 2316 3214 2382 sordidum
3259 2319 3338 2383 ad
3385 2320 3694 2384 certamen
3740 2320 3813 2384 de
3862 2321 4037 2384 anim

817 2423 1196 2508 praestantia
1263 2422 1506 2503 aperte
1575 2420 1646 2483 ct
1712 2420 1911 2483 recta
1978 2419 2456 2500 provocavisset3
2525 2440 2712 2502 quam
2777 2421 2852 2485 ob
2922 2440 3050 2485 rem
3118 2440 3224 2504 per
3293 2421 3494 2486 iocum
3547 2423 3609 2486 et
3654 2423 4038 2488 circuition

821 2527 1124 2608 quadam
1191 2545 1330 2589 cum
1396 2524 1579 2588 vilico
1633 2524 1783 2606 agit,
1851 2542 1915 2586 re
1958 2543 2100 2587 vera
2144 2524 2206 2587 id
2253 2525 2567 2605 spectabat
2610 2525 2673 2588 in
2718 2525 3038 2589 scribenda
3082 2526 3194 2590 hac
3241 2526 3503 2608 epistula
3548 2529 3618 2590 ut
3662 2527 3891 2590 amicos
3938 2545 4041 2590 suo

821 2631 1120 2714 (aliosque
1165 2629 1442 2692 homines
1488 2627 1785 2700 eruditos)
1831 2627 2079 2692 doceret
2122 2647 2232 2691 cur
2276 2628 2564 2693 villulam
2611 2647 2786 2693 suam
2833 2631 2982 2693 adeo
3028 2629 3166 2693 urbi
3208 2632 3633 2711 anteponeret;
3697 2634 3878 2711 atque
3929 2632 4044 2694 init

817 2736 926 2801 illo
973 2754 1131 2802 cum
1176 2735 1393 2800 vilico
1440 2733 1774 2798 certamine
1819 2733 2048 2797 lascive
2096 2732 2431 2815 significat,
2504 2752 2720 2798 causas
2788 2753 2928 2798 suas
2993 2753 3122 2799 esse
3177 2737 3307 2799 tam
3351 2737 3703 2817 perspicuas
3751 2753 3821 2799 ac
3866 2753 3974 2817 per
4020 2754 4046 2798 s

818 2840 1031 2905 faciles
1075 2840 1150 2903 ad
1192 2838 1697 2922 intellegendum,
1744 2840 1814 2900 ut
1858 2838 1955 2901 vel
1989 2837 2345 2901 stultissimi
2401 2856 2501 2901 eas
2532 2857 2895 2921 cognoscere
2924 2839 3178 2922 possint,
3226 2840 3453 2903 nedum
3483 2841 3657 2903 tanta
3682 2840 4049 2903 admiration

815 2946 1027 3026 totque
1088 2942 1646 3025 percontationibus
1715 2942 2058 3005 amicorum
2132 2959 2284 3022 opus
2351 2944 2450 3004 sit.
2544 2942 2663 3006 Sed
2729 2943 2879 3007 haec
2947 2944 3197 3025 quidem
3253 2944 3326 3007 de
3372 2961 3514 3007 vero
3558 2942 3747 3006 totius
3790 2942 4050 3023 epistula

817 3050 1182 3133 argumento
1252 3066 1323 3111 ex
1386 3048 1502 3111 hac
1570 3065 1723 3128 quae
1793 3046 1944 3109 mihi
2014 3046 2220 3127 placet
2289 3063 2474 3125 quam
2540 3066 2611 3109 ex
2688 3046 2968 3111 codicum
3049 3048 3351 3129 scriptura
3425 3046 3667 3112 facilius
3739 3047 4055 3128 clariusqu·

817 3152 1189 3224 enuclanda;
1258 3170 1422 3213 nunc
1468 3150 1785 3214 videamus
1831 3151 2131 3231 quantum
2177 3150 2382 3213 valeat
2425 3149 2503 3213 ad
2549 3149 2931 3231 singularum
2976 3170 3183 3215 rerum
3230 3151 3582 3215 contextum
3628 3152 3691 3214 et
3746 3149 4057 3213 verborum

819 3255 1296 3335 perpetuitatem
1324 3254 1556 3315 ratione
1587 3256 1649 3316 et
1679 3254 1906 3316 rectius
1941 3252 2335 3335 disponenda.
2397 3252 2519 3317 Hic
2551 3252 2777 3329 confer,
2812 3272 3054 3335 quaeso,
3093 3254 3371 3318 tabulam
3401 3253 3577 3317 illam
3609 3253 4059 3334 exemplumque

819 3357 1118 3440 epistulae
1143 3375 1264 3420 uno
1297 3355 1359 3419 in
1396 3359 1724 3436 conspectu
1757 3357 2026 3437 positum
2061 3364 2228 3439 (pag.
2260 3357 2467 3434 9‚10).
2516 3359 2608 3421 Ac
2640 3377 2843 3422 rerum
2878 3358 3121 3439 quidem
3150 3359 3501 3421 contextum
3528 3375 3728 3420 meam
3753 3357 4059 3420 lectionen

816 3479 1078 3540 sequens
1122 3460 1285 3524 hunc
1331 3460 1596 3541 reperio:

816 3561 944 3627 Vv.
1000 3559 1180 3627 l—5
1229 3569 1381 3627 sunt
1425 3564 1742 3647 epistulae
1790 3563 2168 3629 exordium
2210 3563 2310 3627 vel
2357 3564 2573 3646 potius
2619 3565 3003 3647 principium
3049 3565 3223 3648 quod
3267 3565 3519 3642 dicitur,
3776 3628 3786 3635 ,

815 3685 882 3732 V.
939 3664 1064 3748 10,
1125 3667 1235 3748 qui
1299 3688 1378 3728 ex
1436 3690 1578 3730 mea
1637 3669 1952 3750 epistulae
2014 3669 2373 3731 mutatione
2433 3668 2722 3751 proxime
2783 3669 3032 3732 accedit
3095 3668 3178 3732 ad
3248 3667 3434 3747 illos,
3507 3672 3606 3732 est
3671 3666 4059 3749 propositi(

989 3769 1322 3853 epistulae.
1403 3768 1762 3833 Cohaerent
1792 3777 2009 3836 autem
2043 3773 2210 3835 inter
2241 3793 2310 3834 se
2344 3772 2699 3854 aptissime,
2733 3792 2878 3835 cum
2909 3794 3007 3835 vv.
3045 3770 3214 3835 1-5
3248 3772 3502 3852 egregie
3536 3772 3602 3833 in
3636 3770 4059 3852 quaestionen

990 3873 1303 3957 epistulae
1358 3895 1504 3936 vere
1563 3874 1961 3955 propositam
2031 3873 2113 3957 (v.
2183 3873 2289 3956 10)
2354 3879 2419 3937 et
2478 3875 2545 3937 in
2602 3875 2820 3938 fictam
2880 3875 3019 3939 eius
3083 3874 3655 3938 conformationem
3720 3870 3918 3955 (quod
3983 3887 4059 3942 esi

989 3979 1313 4040 certamen
1372 3976 1583 4057 specie
1644 3975 1876 4038 initum
1941 3976 2025 4040 ab
2070 3976 2340 4040 Horatio
2402 3980 2468 4040 et
2511 3976 2729 4061 vilico)
2788 3978 3201 4042 introducant
3248 3977 3567 4059 legenteS,
3637 3976 3955 4059 siquidem
4002 3998 4059 4040 e}

984 4102 1084 4141 vv.
1136 4077 1304 4142 1-—3
1352 4078 1434 4142 ab
1480 4078 1668 4141 initio
1714 4077 1940 4158 elucet,
2007 4101 2204 4161 quam
2250 4081 2571 4144 contraria
2617 4081 2695 4144 de
2741 4081 2969 4145 Horati
3013 4104 3159 4146 rure
3205 4082 3490 4146 sentiant
3534 4082 3671 4163 ipse
3718 4085 3782 4144 et
3828 4080 4056 4144 vilicus

984 4184 1050 4245 et
1094 4202 1176 4244 ex
1220 4203 1319 4244 vv.
1368 4179 1470 4248 415
1527 4181 1730 4244 oritur
1787 4184 2109 4245 certamen
2173 4181 2333 4245 illud
2357 4234 2372 4260 ,
2442 4187 2584 4246 uter
2650 4185 2737 4247 sit
2803 4184 2991 4267 prior.
3084 4184 3283 4249 Cuius
3347 4183 3715 4247 certaminis
3782 4182 4059 4265 quaestie

985 4285 1245 4368 ponitur
1307 4307 1382 4348 ac
1446 4284 1748 4348 definitur
1805 4285 1873 4347 in
1918 4308 1975 4350 v.
2028 4286 2130 4366 10,
2195 4286 2306 4350 ubi
2366 4309 2561 4369 quam
2619 4288 2998 4353 brevissime
3062 4286 3662 4369 simplicissimeque
3725 4306 3841 4369 pro
3904 4283 4059 4346 vilic:

985 4387 1245 4468 ingenio
1292 4388 1480 4452 tardo
1528 4388 2014 4471 pronuntiatur,
2078 4412 2210 4472 qua
2257 4413 2336 4454 ex
2380 4414 2448 4455 re
2494 4391 2797 4456 facillime
2837 4391 3047 4474 possit
3089 4389 3411 4472 intellegi,
3475 4393 3619 4454 uter
3666 4388 3757 4473 (et
3795 4408 3909 4470 pro
3955 4408 4059 4450 sua

986 4492 1170 4574 parte
1217 4493 1281 4553 et
1325 4492 1540 4554 animo
1587 4495 1651 4554 et
1696 4491 1869 4555 vitae
1916 4491 2194 4576 ratione)
2243 4495 2438 4578 prior¹
2462 4496 2566 4559 sit.

812 4592 942 4658 Vv.
997 4589 1285 4657 14-39
1357 4593 1612 4676 (deletis
1669 4617 1766 4658 vv.
1841 4595 2132 4677 11-13,
2194 4598 2316 4678 31,
2374 4598 2490 4677 36,
2544 4597 2959 4682 transpositis
3020 4621 3118 4663 vv.
3186 4599 3356 4662 6-9
3417 4600 3565 4680 post
3626 4618 3682 4658 V.
3746 4593 3857 4676 30)
3927 4599 4059 4658 sunl

984 4695 1372 4777 tractatio,
1429 4718 1594 4779 quae
1655 4696 1799 4779 ipsa
1860 4719 2118 4781 quoque
2175 4699 2259 4763 ad
2317 4700 2493 4766 vilici
2555 4702 2885 4782 ingenium
2929 4702 3022 4765 ita
3085 4701 3387 4765 instituta
3432 4702 3531 4762 est
3553 4749 3567 4777 ,
3632 4701 3706 4761 ut
3750 4697 4059 4781 perpetuis

986 4798 1286 4883 deinceps
1332 4800 1690 4880 antithetis,
1739 4801 1908 4865 sicut
1953 4803 2288 4869 exordium
2320 4808 2385 4869 et
2415 4805 2792 4888 propositio,
2814 4786 2817 4789 ⁴
2840 4826 3034 4886 quam
3066 4803 3345 4868 maxime
3379 4801 3712 4884 perspicue
3748 4802 4055 4884 procedat
