4257 5461
2024 427 2064 489 4

426 660 484 700 v.
533 638 573 701 9
621 641 836 718 spreta
878 636 1168 700 codicum
1213 635 1598 698 auctoritate
1642 655 1754 716 pro
1802 632 1993 696 verbo
2051 632 2309 710 „amat“
2381 632 2705 697 emendari
2773 633 2912 697 vult
2978 636 3226 712 „avet“.
3315 637 3480 700 Nam
3525 658 3673 701 cum

424 740 547 804 1100
610 739 751 803 1000
819 743 1009 822 poeta
1073 738 1384 815 fateatur,
1477 738 1766 817 quamvis
1851 742 1988 800 tum
2067 736 2257 799 amici
2339 736 2657 799 carissimi
2723 736 2901 800 luctu
2967 742 3030 800 et
3106 738 3322 803 dolore
3395 741 3674 804 maxime

425 848 873 926 permoveatur
914 847 989 906 ut
1033 842 1276 905 Romae
1319 845 1579 905 maneat
1610 859 1876 920 eumque
1909 840 2291 916 consoletur,
2340 842 2557 901 tamen
2603 838 2792 903 villae
2824 839 3139 904 desiderio
3179 842 3339 906 adeo
3372 864 3439 905 se
3469 844 3677 905 teneri

422 950 499 1010 ut
543 948 739 1010 etiam
785 950 995 1026 atque,
1023 946 1218 1009 etiam
1266 967 1341 1009 eo
1387 943 1591 1008 redire
1637 944 1874 1026 cupiat,
1918 959 2141 1022 neque
2186 943 2423 1005 tamen
2474 941 2623 1006 voti
2655 943 3050 1023 compotem
3086 960 3160 1007 sc
3189 944 3374 1025 fieri,
3422 946 3675 1010 animus

425 1051 562 1113 eius
612 1052 842 1128 „avet“
893 1050 1222 1113 obstantia
1268 1069 1557 1130 rumpere
1605 1047 1889 1110 claustra
1911 1097 1924 1124 ,
1998 1045 2512 1125 quandoquidem
2558 1048 2854 1126 „amare“
2901 1047 2993 1109 ita
3041 1046 3274 1111 dicitur
3319 1054 3389 1112 ut
3436 1050 3523 1113 sit
3568 1054 3681 1114 aut

424 1152 583 1230 eiuS,
631 1153 739 1232 qui
784 1151 991 1215 facere
1039 1152 1192 1232 quid
1237 1151 1423 1217 solet
1468 1152 1617 1232 quia
1662 1152 1792 1213 iam
1824 1153 1972 1213 ante
2007 1148 2213 1212 libens
2244 1170 2318 1211 ac
2351 1150 2609 1231 saepius
2641 1149 2812 1227 fecit,
2855 1150 3070 1229 itaque
3103 1151 3312 1215 facere
3344 1154 3678 1217 consuevit

425 1254 598 1339 (cum
645 1278 839 1319 sensu
885 1256 1160 1335 quodam
1206 1254 1607 1337 voluptatis),
1685 1289 1756 1299 —-
1830 1253 1943 1317 sed
1988 1255 2081 1317 ita
2127 1275 2341 1316 amare
2388 1274 2515 1315 non
2560 1254 2735 1316 cadit
2779 1254 2846 1316 in
2892 1275 3036 1316 eum
3081 1256 3208 1334 qui,
3254 1259 3328 1319 ut
3372 1254 3492 1319 hoc
3539 1257 3681 1321 loco

421 1359 752 1437 Horatius,
828 1376 1038 1422 unam
1106 1379 1237 1422 rem
1307 1364 1497 1439 atque
1567 1356 1782 1422 semel
1831 1356 2150 1422 oblatam
2196 1355 2540 1436 significat,
2635 1393 2672 1399 -—
2759 1360 2873 1420 aut
2918 1357 3053 1420 eius
3100 1358 3207 1437 qui
3254 1377 3378 1437 qua
3425 1381 3488 1421 re
3536 1382 3682 1424 cum

423 1485 617 1527 sensu
681 1467 860 1526 tutae
932 1467 1267 1542 certaeque
1336 1462 1764 1544 possessionis
1833 1466 1897 1524 et
1961 1460 2343 1540 tranquillae
2412 1458 2765 1541 voluptatis
2835 1460 3054 1538 utitur,
3151 1496 3206 1506 -
3279 1462 3391 1524 sed
3448 1462 3680 1525 hocin

419 1566 760 1631 Horatium
806 1565 1109 1630 hocloco
1157 1587 1416 1648 prorsus
1462 1587 1587 1629 non
1655 1564 1865 1643 cadit,
1934 1565 2081 1643 quia
2156 1569 2295 1627 tum
2364 1562 2692 1626 obstantia
2771 1563 3053 1626 claustra
3120 1584 3248 1626 non
3317 1565 3489 1646 rupit
3564 1566 3678 1629 sed

420 1691 710 1753 rumpere
775 1669 1013 1732 frustra
1074 1669 1397 1732 studebat.
1491 1669 1737 1748 Ecquid
1795 1688 1946 1748 ergo
1994 1667 2275 1730 dubitari
2325 1672 2541 1748 potest
2587 1667 2739 1747 quin
2798 1668 3025 1745 „avet“
3075 1668 3386 1749 scriptum
3434 1670 3680 1733 fuerit?

418 1773 547 1836 nisi
612 1772 775 1836 forte
851 1772 1111 1849 „amet“
1191 1771 1531 1852 legendum
1599 1793 1740 1835 esse
1805 1772 1898 1834 ita
1965 1771 2109 1850 quis
2172 1774 2357 1852 putat
2423 1774 2495 1834 ut
2559 1771 2626 1833 in
2671 1769 2877 1834 Carm.
2927 1770 3033 1848 III,
3082 1770 3142 1847 9,
3191 1769 3308 1832 24:
3403 1772 3684 1850 „Tecum

421 1877 633 1939 vivere
695 1878 965 1953 amem“,
1036 1876 1092 1937 11.
1166 1898 1217 1937 0.
1289 1875 1391 1937 ich
1465 1874 1681 1938 wurde
1752 1874 1964 1954 (wenn
2035 1897 2101 1937 es
2170 1876 2293 1937 mir
2368 1871 2977 1953 miiglichcrwcise
3050 1877 3364 1953 vergonnt
3435 1878 3679 1965 wfirde)

422 1977 750 2060 gliicklich
797 1981 953 2056 sein,
1002 1979 1119 2042 mit
1165 1979 1277 2041 Di1
1322 2001 1402 2041 zu
1450 1978 1653 2055 leben,
1722 1977 1787 2041 id
1830 1977 1999 2057 quod
2045 1978 2148 2041 hic
2196 1978 2343 2040 ferri
2391 1999 2519 2041 non
2564 1980 2797 2059 potest,
2868 1978 3183 2056 siquidem
3230 1977 3424 2044 simul
3470 1983 3679 2048 audiri

424 2081 564 2145 vult
632 2083 938 2147 Horatius
1008 2082 1118 2144 illa
1187 2082 1469 2144 claustra
1541 2105 1578 2144 a
1650 2104 1717 2144 se
1785 2080 2021 2162 rumpi
2084 2097 2226 2144 non
2289 2097 2527 2161 posse,
2593 2084 2665 2144 ut
2709 2098 2884 2143 non
2884 2084 3139 2158 „amet“
3187 2085 3301 2149 sed
3349 2090 3677 2163 ,,011101·01“

422 2184 764 2265 legendum
811 2189 998 2262 esset,
1050 2187 1102 2247 si
1146 2188 1286 2264 quis
1334 2186 1596 2249 verbum
1636 2184 1896 2248 amandi
1944 2206 2196 2248 servare
2245 2183 2453 2246 vellet.

730 2290 1074 2352 Veniamus
1123 2311 1289 2351 nunc
1338 2289 1421 2351 ad
1467 2313 1521 2351 v
1571 2289 1688 2366 31,
1758 2307 1942 2367 quem
2003 2289 2213 2350 versui
2265 2288 2343 2350 13
2392 2287 2836 2351 succedentem
2883 2289 3036 2352 facit
3083 2290 3407 2370 Ribbeck,
3477 2293 3671 2356 Lehrs

425 2392 615 2457 tollit.
711 2393 935 2471 „Nunc
996 2414 1115 2472 age
1180 2392 1330 2471 quid
1396 2396 1688 2456 nostrum
1748 2394 2127 2454 concentum
2193 2391 2441 2454 dividat
2486 2390 2699 2453 audi“.
2792 2393 2997 2470 Atque
3045 2415 3230 2456 suum
3277 2394 3488 2459 locum
3533 2419 3672 2460 eum

424 2496 713 2560 obtinere
781 2518 909 2559 non
978 2518 1165 2578 posse
1238 2518 1420 2560 nemo
1492 2494 1756 2577 negabit
1824 2496 1931 2574 qui
2001 2494 2194 2576 paulo
2265 2495 2578 2558 attentius
2644 2496 3092 2559 antecedentes
3162 2502 3226 2560 et
3271 2498 3672 2578 insequentes

424 2600 833 2664 hexametros
882 2599 1235 2680 perlegerit.
1331 2601 1495 2662 Nam
1541 2600 1605 2661 in
1652 2598 1970 2681 prioribus
2020 2599 2311 2662 versibus
2358 2619 2486 2660 non
2534 2597 2610 2661 de
2642 2603 2956 2661 concentu
3000 2599 3112 2661 sed
3160 2599 3258 2664 vel
3305 2624 3555 2666 summa
3602 2604 3679 2667 de

428 2703 860 2787 discrepantia
907 2705 1132 2767 Horati
1181 2708 1243 2766 et
1292 2703 1463 2766 vilici
1509 2704 1741 2784 agitur,
1791 2722 2057 2783 quorum
2100 2702 2263 2766 alter
2306 2725 2432 2780 rus,
2500 2701 2663 2765 alter
2708 2702 2929 2766 urbem
2976 2702 3330 2784 desiderat,
3398 2706 3678 2770 maxime

427 2809 491 2870 in
540 2831 635 2870 vv.
694 2810 914 2881 182‘19:
967 2809 1153 2880 „Non
1199 2808 1419 2870 eadem
1453 2808 1777 2884 miramur,
1826 2829 1900 2871 eo
1946 2806 2350 2870 disconvenit
2395 2808 2559 2869 inter
2593 2824 2816 2885 meque
2864 2811 2928 2870 et
2971 2811 3077 2870 te“
3123 2812 3240 2871 etc.
3336 2810 3452 2871 Hic
3496 2808 3679 2875 locus

426 2913 562 2973 tam
609 2911 836 2973 similis
885 2917 981 2974 est
1030 2912 1239 2974 versui
1285 2911 1386 2988 31,
1438 2916 1509 2974 ut
1553 2909 1828 2973 absurde
1879 2911 2187 2993 repetitus
2235 2909 2544 2971 videatur.
2640 2910 2821 2986 Quod
2883 2915 3101 2975 autem
3151 2912 3391 2977 80111112
3438 2912 3478 2975 l.
3528 2912 3568 2975 l.
3617 2938 3676 2997 p.
3717 2920 3726 2924 ’

431 3014 554 3077 108
595 3015 675 3076 ad
723 3014 1031 3077 tuendum
1078 3038 1131 3077 v.
1182 3014 1263 3077 31
1312 3014 1468 3076 dicit
1515 3013 1866 3076 subtiliter:
1961 3012 2139 3093 „Vgl.
2189 3014 2257 3076 V.
2313 3013 2408 3075 18.
2501 3014 2660 3077 Dort
2707 3011 2923 3076 wurde
2970 3013 3071 3077 die
3118 3015 3679 3080 Verschiedenheit

428 3116 555 3181 der
598 3116 917 3198 Neigung
962 3119 1063 3182 fiir
1093 3118 1317 3183 Stadt-
1362 3117 1491 3180 und
1531 3117 1896 3179 Landleben
1931 3116 2324 3197 angegeben,
2370 3117 2505 3178 hier
2534 3117 2643 3178 der
2678 3113 2921 3181 Grund
2955 3116 3065 3180 der
3098 3118 3677 3198 Verschiedenheit,

427 3220 708 3283 namlich
755 3222 928 3285 seine
960 3223 1182 3302 eigene
1220 3221 1606 3301 Massigkeit
1638 3220 1767 3282 und
1803 3219 2313 3300 Genfigsamkeit
2347 3219 2479 3281 und
2511 3219 2655 3284 dem
2689 3221 3052 3302 gegeniiber
3084 3222 3194 3285 der
3228 3222 3680 3287 unzufriedene

428 3325 557 3387 und
603 3324 1072 3405 unbest'andige
1119 3324 1279 3388 Sinn
1327 3325 1437 3387 des
1486 3324 1776 3400 vilicus“,
1848 3346 1923 3386 ea
1970 3346 2035 3386 re
2084 3323 2149 3386 id
2196 3323 2490 3402 docetur,
2561 3325 2877 3403 quomodo
2938 3348 2994 3386 v.
3044 3325 3124 3387 31
3175 3347 3316 3388 cum
3365 3349 3553 3390 versu
3598 3327 3678 3390 18

426 3431 777 3513 congruat,
846 3449 975 3491 non
1035 3428 1136 3506 id,
1204 3428 1311 3491 ubi
1383 3428 1763 3492 concentus
1832 3428 2060 3490 Horati
2126 3431 2190 3491 et
2253 3427 2426 3490 vilici
2494 3432 2607 3490 aut
2676 3429 2762 3490 sit
2805 3432 2919 3492 aut
2960 3428 3168 3491 fuerit.
3262 3430 3390 3495 Sed
3437 3432 3493 3494 si
3539 3433 3681 3512 quis

427 3535 774 3594 concentus
820 3530 1215 3612 dividitur,
1285 3536 1476 3594 antea
1521 3531 1720 3594 fuisse
1768 3553 1912 3594 eum
1954 3552 2214 3595 necesse
2262 3536 2397 3608 est3
2466 3531 2576 3594 ubi
2622 3535 2836 3595 autem
2883 3531 3108 3608 fuerit,
3177 3553 3378 3613 neque
3440 3534 3679 3599 80111112

430 3634 634 3712 docet,
703 3653 904 3715 neque
970 3636 1282 3717 reperitur
1350 3654 1637 3714 usquam.
1730 3636 2068 3698 Praeterea
2139 3657 2327 3698 versu
2396 3635 2475 3697 18
2544 3655 2672 3697 11011
2740 3635 2949 3699 00111111
3018 3636 3216 3699 studii
3285 3636 3408 3701 Sed
3460 3637 3673 3700 etiam

427 3754 803 3802 causarum
844 3739 1267 3803 differentiam
1308 3739 1677 3819 significari,
1725 3763 1805 3801 ex
1849 3738 2332 3818 insequentibus
2383 3762 2477 3801 vv.
2523 3739 2598 3802 19
2631 3739 2690 3801 ff.
2727 3743 3012 3822 apparet,
3059 3738 3168 3802 ubi
3202 3740 3391 3804 verbo
3426 3738 3672 3823 „nam“

431 3838 513 3919 (v.
560 3840 668 3921 19)
717 3842 799 3904 ad
847 3858 1098 3907 causas
1146 3843 1280 3906 eius
1331 3843 1751 3907 dissensionis
1785 3844 2113 3906 transitur.
2207 3844 2423 3907 Nihilo
2457 3845 2663 3924 magis
2696 3865 2840 3906 cum
2873 3844 3354 3922 insequentibus
3387 3844 3676 3908 versibus

424 3945 726 4008 convenit
771 3969 826 4007 v.
878 3946 985 4008 ille
1030 3946 1132 4023 31,
1203 3948 1311 4009 ubi
1359 3948 1663 4011 Horatius
1712 3952 1776 4010 et
1823 3946 2048 4010 vilicus
2098 3948 2261 4009 inter
2308 3971 2375 4010 se
2425 3970 2547 4009 non
2596 3950 3004 4029 opponuntur
3050 3947 3343 4025 omnino,
3416 3969 3565 4009 nam
3612 3949 3680 4009 in

426 4070 526 4110 vv.
574 4047 829 4113 32-39
876 4050 952 4112 de
1000 4072 1067 4111 se
1115 4048 1271 4113 solo
1320 4050 1599 4128 loquitur
1645 4051 1986 4126 Horatius,
2057 4071 2198 4112 cum
2267 4050 2440 4114 (luas
2512 4072 2742 4113 causas
2810 4051 2991 4113 affert
3059 4072 3168 4113 cur
3228 4051 3390 4113 ruris
3460 4071 3676 4112 amore

419 4155 733 4228 teneatur,
783 4153 982 4215 animi
1029 4154 1128 4216 sui
1176 4154 1638 4215 continentiam
1687 4158 1750 4215 et
1797 4154 2158 4215 invidorum
2206 4155 2830 4234 obtrectatorumque
2877 4153 3134 4233 fugam3
3182 4156 3247 4217 in
3280 4177 3377 4216 vv.
3415 4154 3501 4217 40
3534 4171 3672 4232 sqq.

423 4254 651 4317 vilicus
697 4275 826 4317 non
871 4256 1139 4320 Horatio
1188 4257 1295 4318 sed
1348 4255 1579 4319 caloni
1631 4256 1887 4334 arguto
1937 4257 2299 4337 opponitur,
2349 4261 2420 4319 ut
2458 4256 2779 4322 stultitia
2816 4257 3162 4340 (votorum)
3200 4259 3336 4320 eius
3368 4261 3679 4338 appareat

422 4362 485 4420 et
545 4360 608 4420 in
670 4356 915 4420 ultimis
980 4359 1230 4422 duabus
1292 4361 1492 4422 totius
1557 4359 1870 4441 epistulae
1937 4360 2227 4422 versibus
2276 4362 2675 4424 severissime
2722 4360 3083 4442 repellatur.
3178 4362 3353 4436 Quae
3400 4381 3543 4422 cum
3583 4361 3676 4422 ita

422 4461 586 4539 sint,
665 4483 884 4524 versus
958 4462 1213 4526 32—39
1291 4485 1432 4524 cum
1505 4463 1753 4526 duabus
1831 4463 1958 4526 illis
2038 4465 2261 4527 Horati
2342 4465 2553 4527 causis
2623 4465 2861 4545 optime
2931 4463 3314 4545 respondent
3382 4463 3672 4525 versibus

439 4561 782 4643 ¹],20-30,
853 4566 963 4628 ubi
1036 4566 1186 4628 item
1258 4566 1420 4627 duae
1494 4565 1667 4626 vilici
1736 4567 2084 4629 afferuntur
2127 4589 2380 4643 causae,
2446 4589 2556 4630 cur
2603 4568 2667 4629 in
2715 4567 2932 4630 urbem
2983 4569 3192 4628 venire
3240 4567 3672 4648 concupiscat,

421 4665 720 4730 libidines
765 4673 827 4731 01
874 4670 1155 4750 pigritia,
1204 4691 1329 4732 non
1367 4669 1654 4732 versibus
1689 4669 1772 4731 40
1793 4670 1961 4745 -44,
2015 4668 2210 4750 (quod
2245 4670 2483 4735 80111112
2520 4670 2895 4750 contendit),
2925 4671 3156 4751 quippe
3184 4670 3248 4730 in
3280 4668 3509 4747 quibus
3544 4689 3671 4729 non

423 4769 585 4831 duae
653 4792 885 4833 causae
956 4772 1067 4834 sed
1136 4795 1263 4834 una
1331 4773 1503 4849 insit,
1574 4793 1701 4834 non
1772 4774 2202 4837 inconstantia
2271 4773 2444 4836 vilici
2504 4775 2964 4855 temperantiae
3012 4773 3238 4836 Horati
3286 4776 3667 4855 opponatur,
