4257 5461
1945 490 1986 554 6

343 696 639 779 polatoris
681 697 788 779 qui
830 697 1096 780 perlecto
1138 716 1199 761 v.
1252 696 1330 758 10
1377 711 1585 757 versus
1636 695 1887 757 11-13
1931 693 2320 771 interseruit,
2386 696 2744 775 praesertim
2810 716 2950 761 cum
3016 697 3147 762 fieri
3211 718 3336 764 non
3394 704 3616 783 pooeet

348 799 497 881 quin
544 802 607 864 et
650 800 922 865 versibus
966 802 1118 865 43-
1138 800 1225 863 44
1271 802 1333 862 et
1371 798 1561 861 totius
1604 796 1902 879 epistulae
1946 799 2309 878 argumento
2354 798 2652 862 similium
2697 817 2848 879 quos
2891 803 3033 863 ante
3076 801 3241 882 apud
3268 803 3613 869 Horatium

344 902 584 987 legerat
626 903 871 985 saepius
913 902 1188 967 locorum
1236 901 1316 966 ad
1364 899 1722 964 memoriam
1771 907 2175 978 revocaretur,
2237 917 2355 981 quo
2399 901 2465 964 in
2508 920 2762 965 numero
2807 906 2951 965 sunt
2993 903 3119 967 Sat.
3166 906 3213 984 I,
3265 909 3321 984 1,
3359 908 3600 982 1—12;

344 1008 422 1083 ΙΙ,
473 1009 531 1084 7,
578 1009 913 1081 22-112;
987 1005 1189 1071 Carm.
1252 1005 1333 1082 ΙΙ,
1386 1006 1484 1081 16,
1536 1004 1822 1078 17-20;
1892 1004 1999 1080 111,
2067 1007 2121 1083 1,
2167 1005 2455 1078 35-37;
2522 1004 2635 1085 Ep.
2699 1005 2744 1075 1,
2797 1007 2851 1082 1,
2895 1007 3180 1081 80-89ς
3253 1009 3301 1084 I,
3361 1010 3422 1086 8,
3481 1010 3616 1084 12;Ᾰ

344 1110 394 1186 1,
439 1112 539 1187 11,
585 1112 868 1176 26-27.
956 1109 1073 1174 His
1117 1109 1307 1192 igitur
1350 1107 1569 1172 deletis
1613 1107 1918 1182 versibus,
1991 1127 2064 1170 ne
2116 1114 2513 1182 ¹,causamur“
2582 1107 2830 1188 quidem
2873 1128 2982 1189 pro
3032 1114 3389 1186 ,causatur⁸
3441 1130 3597 1193 opus

347 1216 442 1277 est
472 1213 860 1294 substituere,
894 1233 1015 1297 qua
1053 1214 1127 1278 de
1158 1230 1224 1276 re
1254 1212 1436 1276 aliter
1471 1211 1579 1275 alii
1607 1229 1799 1294 usque
1829 1210 1907 1273 ad
1941 1212 2053 1273 hoc
2080 1213 2325 1292 tempus
2357 1211 2646 1287 iudicant,
2694 1231 2834 1274 cum
2865 1231 3006 1292 pars
3037 1214 3224 1277 verbo
3266 1217 3608 1297 ,uterque‘

345 1315 674 1382 Horatium
720 1320 784 1382 et
827 1317 1107 1393 vilicum,
1175 1334 1317 1397 pars
1362 1314 1668 1398 quoslibet
1712 1315 1865 1377 duos
1909 1315 2219 1391 homineS,
2287 1332 2546 1397 quorum
2614 1315 2771 1378 alter
2814 1315 3068 1379 alterius
3111 1317 3260 1380 sorti
3302 1317 3600 1395 invideat,

345 1420 675 1505 significari
720 1421 1112 1486 contendant.
1205 1418 1381 1499 Quod
1428 1420 1632 1481 autem
1682 1418 2011 1482 Ribbeekio
2057 1418 2291 1498 placet,
2362 1417 2440 1480 ad
2507 1418 2696 1481 totins
2761 1418 3059 1498 epistulae
3120 1439 3314 1502 genus
3359 1421 3616 1485 dicendi·

344 1523 538 1588 hilare
583 1528 647 1587 et
688 1523 1264 1600 familiarissimum,
1333 1542 1450 1606 quo
1509 1526 1689 1604 poeta
1735 1540 1797 1585 se
1844 1522 2095 1585 simulet
2138 1521 2230 1584 uti
2275 1521 2690 1603 disputantem
2757 1541 2893 1584 cum
2964 1541 3133 1586 servo
3201 1543 3331 1601 suo,
3398 1526 3618 1608 magis·

342 1628 869 1693 accommodatum
935 1645 1064 1691 esse
1128 1627 1378 1690 verbum
1455 1633 1876 1702 „causamur‘,
1942 1627 2004 1688 id
2053 1644 2259 1689 vereor
2303 1644 2379 1687 ne
2423 1643 2641 1706 parum
2684 1625 2805 1689 huc
2848 1627 3168 1707 pertineat,
3236 1629 3610 1709 praesertim·

343 1730 671 1814 respiciens
715 1734 777 1794 et
820 1751 915 1795 vv.
966 1732 1069 1807 27,
1124 1733 1225 1807 29,
1274 1730 1495 1813 quibus
1534 1731 1683 1793 satis
1751 1749 1954 1793 severe
2025 1728 2318 1792 Horatius
2378 1728 2801 1811 neglegentiae
2868 1748 2938 1792 ac
3000 1730 3282 1812 pigritiae
3348 1732 3618 1797 vilicum*

346 1835 570 1919 arguit,
636 1837 697 1898 et
742 1855 839 1899 vv.
887 1828 1164 1912 213-44,
1210 1853 1281 1897 ex
1330 1833 1550 1916 quibus
1596 1834 1724 1896 heri
1766 1833 2024 1896 Romani
2074 1833 2136 1894 in
2183 1851 2387 1895 servos
2430 1832 2824 1896 acerbitatem
2871 1833 3106 1895 elucere
3158 1832 3283 1914 ipse
3329 1835 3620 1903 Ribbeck-

342 1942 505 2003 recte
554 1938 741 2002 sentit
785 1957 924 2001 cum
971 1936 1120 2003 dicit
1162 1939 1248 2018 (p.
1300 1939 1472 2018 l5l):
1572 1937 1720 2011 „Die
1777 1954 1967 2019 ganze
2039 1935 2325 1998 Derbheit
2391 1935 2497 1998 des
2557 1935 2896 2000 romischen
2941 1937 3139 2000 Herrn
3186 1936 3323 2001 dem
3375 1939 3598 2005 Dieuer

344 2041 695 2126 gegenfiber
759 2041 898 2105 tritt
962 2041 1026 2105 in
1096 2041 1301 2105 diesen
1374 2040 1591 2104 beiden
1659 2041 1885 2103 letzten
1954 2040 2161 2101 Zeilen
2225 2058 2295 2100 zu
2365 2038 2551 2121 Tage.
2645 2040 2769 2103 Das
2826 2039 3090 2105 Gesinde
3157 2040 3238 2104 ist
3282 2060 3388 2104 vor
3432 2044 3602 2108 allen

345 2147 584 2229 Dingen
646 2164 752 2208 zur
812 2143 1027 2209 Arbeit
1083 2145 1160 2208 da
1221 2164 1287 2208 so
1346 2148 1461 2228 gut
1505 2144 1615 2207 wie
1661 2143 1770 2207 das
1817 2143 1971 2205 Vieb
2019 2143 2105 2205 im
2153 2141 2382 2205 Stalle‘
2436 2145 2548 2205 etc.
2640 2142 2770 2206 Nec
2810 2162 2949 2207 vero
2994 2163 3114 2207 uon
3162 2147 3254 2207 est
3295 2150 3616 2227 apertum,

346 2249 732 2331 transpositis
778 2267 873 2312 vv.
924 2250 1091 2312 6-9
1139 2250 1201 2311 et
1245 2248 1504 2311 sublatis
1553 2268 1647 2311 vv,
1700 2249 1948 2311 11-13
1996 2266 2115 2309 non
2163 2247 2363 2309 solum
2410 2247 2487 2310 ad
2536 2267 2591 2308 v.
2641 2250 2679 2309 5
2727 2248 3043 2310 commode
3087 2248 3337 2331 adiungi
3386 2270 3438 2311 v.
3494 2253 3589 2327 10,

345 2354 448 2416 sed
492 2354 679 2416 etiam
726 2352 802 2415 ad
846 2352 1006 2415 hunc
1050 2352 1280 2433 optime
1326 2351 1608 2415 accedere
1657 2372 1751 2413 vv.
1812 2353 1885 2414 14
1930 2371 2059 2432 sqq.
2153 2350 2314 2413 Nam
2378 2352 2702 2432 postquam
2770 2370 2875 2430 per
2920 2353 3118 2415 iocum
3162 2353 3240 2416 ad
3286 2356 3604 2421 certamen?

344 2457 597 2522 vilicum
668 2456 1017 2537 provocavit
1084 2454 1393 2531 HoratiuS,
1460 2458 1596 2518 uter
1666 2456 1745 2516 sit
1814 2473 1922 2536 pro
1992 2473 2102 2516 sua
2173 2458 2342 2535 parte
2406 2455 2811 2534 praestantior
2877 2458 2996 2531 (vv,
3068 2458 3214 2533 415),
3289 2457 3353 2519 in
3419 2458 3594 2523 initio

347 2560 774 2642 disputationis
819 2560 881 2623 id
927 2560 1100 2641 ponit
1144 2560 1303 2644 quod
1349 2560 1479 2623 eius
1525 2561 1710 2640 capnt
1755 2560 1816 2621 et
1859 2577 2101 2621 summa
2141 2560 2236 2621 est
2303 2562 2384 2634 (v.
2437 2559 2572 2635 lO):
2672 2559 2871 2631 ,Rure
2937 2577 3049 2640 ego
3119 2559 3455 2638 viventem,
3518 2564 3592 2626 tu

345 2666 495 2728 dicis
535 2665 596 2728 in
646 2664 790 2729 urbe
835 2665 1146 2740 beatum“,
1215 2664 1374 2749 quod
1441 2663 1836 2744 disceptanda
1907 2662 2018 2724 hac
2089 2662 2497 2725 controversia
2543 2663 2604 2723 et
2669 2661 2988 2723 afferendis
3034 2662 3348 2747 utriusque
3395 2666 3593 2729 causis

345 2768 843 2852 illustrandisque
915 2769 989 2831 iis
1057 2768 1253 2844 rebuS,
1324 2788 1359 2830 a
1428 2769 1646 2852 quibus
1713 2771 1926 2830 natum
1999 2767 2079 2828 sit
2149 2767 2210 2829 in
2279 2766 2408 2845 ipso
2476 2765 2634 2828 ruris
2703 2766 2995 2842 studium,
3067 2766 3128 2828 in
3194 2768 3371 2832 vilico
3425 2751 3643 2835 urbis·-

348 2873 753 2951 desi‹lerium,
826 2873 884 2935 id
935 2873 1065 2954 agit
1111 2872 1305 2952 specie
1353 2875 1421 2933 nt
1463 2872 1622 2935 bunc
1673 2872 1748 2934 ad
1797 2871 2120 2934 sanitatem
2168 2871 2478 2950 perducat,
2550 2890 2612 2931 re
2659 2889 2801 2932 vora
2847 2873 2915 2932 ut
2957 2869 3170 2932 amicis
3216 2873 3340 2936 suis
3386 2894 3616 2940 neces--

346 2976 638 3060 sariisque
686 2977 986 3052 ostendat,
1056 2995 1161 3038 cur
1206 2978 1332 3038 tam
1381 2993 1514 3037 raro
1562 2977 1824 3039 Romam
1872 2975 2092 3037 veniat.
2185 2974 2354 3052 Quae
2399 2974 2671 3056 quaestio
2718 2992 2898 3056 quam
2947 2973 3304 3038 brevissima
3351 2980 3593 3061 simpli-

347 3080 708 3162 cissimaque
754 3080 828 3143 ad
877 3080 1032 3143 servi
1081 3078 1392 3162 ingenium
1440 3080 1686 3142 tardum
1734 3077 2039 3159 praeclare
2072 3079 2529 3141 accommodata
2575 3081 2683 3140 est.
2777 3078 2978 3157 Quid?
3025 3080 3184 3161 quod
3211 3101 3304 3144 VV.
3339 3085 3592 3148 11—13

340 3183 527 3247 etiam
590 3203 624 3246 a
670 3203 763 3246 vv.
822 3185 1066 3246 14-17
1138 3183 1231 3245 vel
1281 3183 1480 3263 potius
1534 3183 1711 3248 16117
1784 3183 2114 3245 admodum
2163 3182 2346 3244 alieni
2413 3183 2573 3258 sunt,
2646 3182 2789 3263 quia
2848 3182 2974 3244 illic
3041 3183 3248 3264 culpat
3312 3186 3600 3252 animum?

234 3281 235 3284 '
343 3307 541 3364 suurn,
590 3288 686 3350 hic
732 3287 1071 3351 collaudat?
1161 3287 1327 3365 Quae
1375 3306 1510 3350 cum
1580 3288 1666 3349 ita
1713 3288 1854 3360 sint,
1913 3307 2026 3347 non
2077 3286 2285 3348 dubito
2334 3306 2426 3349 vv2
2483 3289 2729 3348 11-13
2777 3286 3177 3366 exstinguere.
3271 3288 3422 3353 Cum
3470 3293 3584 3356 hac

348 3411 409 3454 re
458 3395 517 3454 et
564 3391 853 3454 ltibbecki
905 3391 1013 3453 illa
1061 3411 1266 3454 versus
1312 3393 1387 3468 31
1442 3393 1578 3471 post
1625 3410 1678 3452 v.
1736 3393 1809 3453 13
1856 3390 2285 3452 transmutatio
2331 3389 2613 3467 concidit,
2686 3394 2747 3452 et
2807 3389 3050 3453 Schiitzi
3117 3394 3416 3456 sententia
3481 3398 3596 3478 qui

343 3495 381 3561 l.
434 3495 473 3561 l.
524 3515 559 3576 p
640 3497 752 3556 105,
801 3497 1104 3559 asseverat
1147 3496 1208 3558 in
1258 3514 1351 3556 vv.
1411 3496 1657 3558 10-13
1727 3494 1921 3556 inesse
1992 3494 2407 3574 quaestionem
2454 3493 2642 3555 totius
2692 3494 3012 3574 epistulae.
3126 3496 3314 3559 Lehrs
3384 3501 3602 3563 autem

345 3619 448 3663 cur
495 3600 676 3662 etiam
731 3617 969 3661 versum
1027 3601 1100 3661 10
1149 3598 1439 3663 deleverit
1485 3619 1677 3682 neque
1725 3599 1851 3678 ipse
1899 3597 2275 3678 argumentis
2320 3597 2522 3659 firmat
2566 3616 2760 3679 neque
2807 3617 2916 3679 ego
2965 3598 3154 3661 video

645 3703 929 3785 Sequitur
997 3705 1064 3766 nt
1131 3703 1203 3765 de
1273 3723 1363 3767 vv.
1439 3704 1692 3766 37—39
1757 3702 2079 3764 dicendum
2150 3702 2248 3778 sit,
2318 3721 2464 3764 num
2535 3704 2694 3764 recte
2760 3703 2900 3763 ante
2968 3721 3023 3765 v.
3073 3704 3154 3765 32
3203 3703 3613 3784 collocaverit

342 3805 625 3870 Ribbeck.
720 3810 810 3869 Ac
858 3805 1119 3886 primum
1171 3806 1415 3889 quidem
1466 3807 1752 3884 „urbanis
1801 3806 2049 3867 diariis“
2099 3809 2180 3884 (v.
2216 3807 2324 3886 40)
2357 3824 2481 3868 non
2530 3824 2716 3883 „cena
2746 3805 2985 3867 brevis“
3034 3808 3114 3881 (v.
3155 3808 3266 3878 35)
3305 3807 3582 3887 opposita

341 3911 432 3974 est
476 3910 563 3989 (id
612 3910 770 3992 qnod
818 3909 1085 3974 Ribbeck
1125 3913 1345 3992 putat),
1398 3912 1502 3973 sed
1550 3929 1736 3987 „usus
1782 3910 2090 3991 lignorum
2139 3913 2199 3972 et
2244 3910 2473 3989 pecoris
2505 3913 2565 3972 et
2597 3908 2799 3972 horti“
2833 3909 2953 3989 (vv.
2984 3911 3085 3985 41,
3117 3911 3247 3988 42),
3296 3910 3592 3991 quoniam

344 4011 575 4075 urbana
618 4013 809 4075 diaria
854 4013 915 4076 in
965 4013 1094 4076 dies
1141 4014 1414 4096 singulos
1462 4014 1747 4076 demensa
1793 4018 1853 4076 et
1895 4032 2078 4094 parca
2122 4031 2301 4076 cenae
2348 4014 2545 4090 brevi,
2613 4031 2769 4094 quae
2820 4013 2953 4093 ipsa
2997 4031 3235 4095 quoque
3280 4014 3481 4077 tenuis
3527 4017 3590 4078 et

341 4118 599 4199 augusta
645 4119 757 4193 est,
829 4135 945 4180 non
993 4120 1135 4180 sunt
1182 4117 1481 4180 contraria
1527 4117 1632 4178 sed
1678 4117 1921 4179 similia.
2017 4117 2183 4193 Quae
2230 4119 2436 4179 autem
2486 4116 2785 4179 contraria
2829 4134 2946 4178 non
2996 4118 3164 4194 sunt,
3236 4136 3310 4180 ne
3369 4117 3594 4197 opponi

340 4220 585 4303 quidem
633 4219 790 4283 inter
836 4239 897 4283 se
945 4223 1196 4302 possunt
1306 4219 1528 4284 Contra
1600 4239 1788 4296 „usus
1850 4220 2160 4301 lignorum
2233 4232 2294 4283 et
2358 4220 2590 4300 pecoris
2646 4222 2707 4283 et
2751 4220 2953 4283 horti“
3004 4220 3128 4282 ruri
3176 4223 3267 4283 est
3312 4220 3588 4298 affluenS,

641 4391 690 4456 ⁸⁸³)
749 4390 928 4440 (Burin.
966 4389 1030 4442 11.
1068 4390 1147 4452 16,
1188 4391 1410 4441 sle-20:
1452 4389 1595 4456 Quid
1633 4389 1785 4440 brevi
1824 4389 1991 4440 fortes
2035 4388 2347 4441 iaculamur
2384 4406 2517 4441 aevo

1457 4458 1674 4509 multa?
1748 4457 1881 4522 quid
1917 4463 2096 4508 terras
2136 4458 2243 4509 alio
2278 4458 2523 4509 calentes

1457 4526 1569 4576 sole
1605 4529 1886 4577 mutamus
1908 4527 1932 4576 ἶ)
2008 4527 2220 4590 patriae
2256 4527 2379 4591 quis
2420 4526 2575 4577 exsul

1458 4611 1514 4644 so
1554 4610 1771 4658 quoque
1807 4595 1864 4645 fu
1908 4594 1994 4645 it‘?

746 4659 918 4726 Epist.
959 4661 997 4724 I,
1036 4662 1114 4726 11,
1154 4662 1382 4713 245-27:
1446 4662 1653 4730 (curas)
1698 4678 1837 4727 „non
1868 4609 2027 4712 {oeus
2065 4661 2224 4712 effusi
2258 4661 2370 4712 late
2403 4662 2575 4713 maris
2613 4663 2822 4713 arbiter
2863 4663 3057 4726 aufert,

1692 4729 1922 4792 caelum,
1964 4747 2074 4780 non
2112 4730 2362 4780 animum
2399 4733 2617 4782 mutant
2657 4731 2752 4793 qui
2787 4733 2947 4781 trans
2976 4746 3129 4781 mare
3165 4733 3442 4782 cu1·runt.“

1271 4798 1382 4850 ibd.
1418 4799 1622 4849 29-30
1696 4839 1704 4849 .
1780 4838 1790 4848 .
1860 4839 1868 4848 .
1945 4839 1953 4848 .
2033 4797 2210 4862 „quod
2245 4798 2387 4863 petis
2426 4798 2584 4866 (bene
2627 4798 2829 4875 vivere)
2871 4799 2959 4849 hic
2998 4801 3095 4862 est,

1693 4869 1776 4917 est
1812 4866 2050 4930 Ulubris,
2089 4865 2308 4917 animus
2346 4867 2391 4916 si
2428 4870 2483 4916 te
2522 4882 2631 4917 non
2668 4866 2852 4917 deficlt
2892 4869 3146 4930 aequuS.“
