4257 5461
2448 464 2485 525 7

859 672 1209 738 affluentior
1253 673 1413 737 certe
1458 688 1641 754 quam
1687 671 1749 735 in
1792 669 1962 749 urbe,
2008 686 2153 752 ergo
2200 668 2552 731 contrarius¹
2580 667 2827 732 urbanis
2877 668 3085 734 diariis
3140 671 3339 753 parcis
3384 673 3446 736 et
3499 690 3563 734 re
3592 686 3733 734 vera
3777 688 3963 751 oppos

852 774 1114 840 Accedit
1156 775 1314 858 quod
1357 795 1414 839 v.
1461 775 1564 852 40,
1615 775 1678 837 in
1723 792 1842 857 quo
1887 773 2034 837 haec
2075 771 2262 838 verba
2305 770 2614 854 leguntur,
2660 772 2859 836 multo
2903 773 3149 856 longius
3189 774 3362 838 abest
3405 792 3443 836 a
3485 792 3661 838 versu
3710 775 3817 851 35,
3886 774 3946 836 in

854 880 999 942 sunt
1042 877 1225 943 verba
1270 896 1460 956 „cena
1501 877 1766 955 brevis“,
1810 894 1994 960 quam
2043 894 2078 938 a
2115 874 2393 939 versibus
2439 874 2645 953 Ι41142,
2692 876 2756 939 in
2806 875 3028 959 quibus
3067 880 3212 941 sunt
3252 868 3433 941 verba
3484 895 3705 953 „usum
3753 874 3971 958 lignori

852 986 966 1049 etc.
1057 983 1223 1062 Quae
1263 1000 1403 1046 cum
1446 981 1535 1044 ita
1581 980 1722 1059 sint,
1769 980 1925 1045 hanc
1969 979 2266 1044 Ribbecki
2312 979 2678 1043 sententiam
2711 980 2885 1062 sequi
2916 999 3038 1043 non
3068 999 3335 1062 possum.
3426 980 3639 1063 Neque
3674 997 3813 1042 vero
3845 979 3966 1042 alte

855 1088 982 1150 eius
1027 1088 1461 1169 argumentum
1510 1084 1710 1167 magis
1767 1101 1875 1148 nos
1921 1084 2084 1165 cogit
2131 1084 2200 1145 ut
2260 1102 2353 1147 vv.
2404 1083 2725 1158 37-39*›
2783 1084 3266 1148 transmutemus
3318 1085 3415 1166 (ct.
3467 1085 3510 1146 l.
3560 1083 3599 1148 l.
3652 1103 3707 1164 p.
3762 1084 3902 1160 148,
3959 1084 3976 1146 2

849 1211 906 1253 v.
953 1208 1048 1265 u.;
1122 1188 1460 1267 „vielmehr
1528 1188 1693 1251 steht
1762 1186 2040 1250 dasselbe
2107 1186 2243 1266 (das
2313 1185 2439 1250 Lob
2511 1187 2617 1249 des
2686 1185 3098 1267 Landlebens)
3172 1187 3544 1251 namentlicb
3615 1186 3723 1249 das
3791 1187 3979 1270 idylli=

850 1293 1316 1357 humoristische
1361 1290 1506 1355 Bild
1552 1292 1658 1355 des
1703 1290 2073 1354 stadtischen
2119 1288 2481 1360 Gutsherrn,
2532 1289 2657 1354 der
2701 1290 2775 1354 in
2823 1290 2948 1355 der
2981 1290 3206 1371 vigne
3240 1292 3468 1372 emsig
3515 1291 3641 1356 das
3676 1289 3980 1358 Grabscl

853 1396 1062 1462 fiihrt
1107 1397 1204 1460 etc
1211 1442 1540 1462 ......
1607 1395 1670 1458 in
1736 1393 2104 1458 offenbarem
2152 1391 2499 1474 Gegensatz
2550 1413 2623 1455 zu
2670 1393 2784 1456 den
2832 1393 2984 1457 oben
3027 1394 3472 1476 geschilderten
3517 1394 3954 1458 Beschwerden

852 1501 1114 1565 vilicus“
1163 1503 1306 1576 etc.)
1396 1498 1715 1582 Nusquam
1765 1499 1926 1561 enirn
1975 1516 2116 1561 cum
2160 1496 2333 1559 nobis
2378 1497 2676 1559 traditum
2725 1497 2824 1573 sit,
2872 1497 3197 1561 Horatium
3236 1499 3300 1561 in
3344 1496 3495 1561 villa
3543 1516 3652 1560 sua
3686 1496 3850 1579 operi
3881 1515 3983 1559 rus

854 1604 964 1665 aut
1004 1601 1207 1683 ipsum
1254 1603 1584 1684 praefuisse
1631 1604 1738 1664 aut
1783 1619 2002 1664 manus
2045 1599 2389 1663 admovisse
2434 1603 2675 1662 strenue
2720 1601 2827 1664 aut
2868 1601 2932 1664 in
2979 1601 3282 1664 culturam
3328 1602 3694 1672 incubuisse,
3770 1602 3876 1664 sed
3944 1601 3981 1662 d

855 1707 978 1771 otio
1019 1709 1081 1770 et
1123 1706 1345 1770 litteris
1393 1708 1455 1769 et
1499 1705 1696 1769 Musis
1728 1706 1928 1768 totum
1962 1723 2023 1767 se
2057 1703 2313 1778 dedisse,
2368 1704 2487 1766 nisi
2521 1704 2680 1786 quod
2715 1704 3024 1768 interdum
3059 1705 3250 1768 animi
3283 1723 3462 1769 causa
3508 1722 3693 1783 „saxa
3722 1707 3784 1767 et
3813 1703 3991 1786 glaeb

764 1860 767 1863 .
857 1829 997 1874 eum
1044 1808 1304 1874 movisse
1349 1808 1679 1873 verisimile
1723 1810 1857 1871 est:
1906 1826 2086 1872 unus
2132 1827 2188 1870 v.
2239 1809 2321 1870 39
2370 1808 2678 1888 quinque
2723 1807 2850 1870 illis
2893 1808 3167 1872 versibus
3212 1807 3811 1892 (26-30)‚‘'quibus
3856 1807 3993 1871 vilic·

853 1913 1125 1978 laborem
1172 1931 1423 1996 gravem
1468 1914 1529 1975 et
1574 1911 1903 1975 molestum
1950 1912 2310 1993 querentem
2358 1910 2520 1985 facit,
2572 1911 2721 1974 adeo
2762 1930 2884 1974 non
2928 1913 3129 1992 potest
3173 1912 3511 1994 comparari
3555 1931 3747 1994 neque
3794 1911 3997 1992 opposi

850 2035 1001 2094 esse,
1073 2018 1144 2078 ut
1212 2015 1708 2079 antecedentibus
1773 2034 1868 2079 vv‚
1937 2013 2147 2091 37138,
2210 2033 2246 2076 a
2314 2013 2536 2097 quibus
2604 2014 2912 2105 proximus
2979 2017 3090 2093 est,
3158 2016 3523 2098 respondeat
3582 2015 3747 2078 haud
3813 2004 3994 2077 dubie

852 2137 990 2181 cum
1037 2117 1112 2181 iis
1156 2119 1457 2182 artissime
1503 2119 1859 2183 coniunctus
1906 2117 2022 2193 sit;
2070 2112 2302 2186 37138:
2351 2117 2529 2194 „Non
2575 2117 2716 2181 istic
2762 2117 3009 2200 obliquo
3052 2118 3230 2182 oculo
3262 2137 3400 2181 mea
3431 2118 3754 2183 commoda
3784 2118 4000 2200 quisqu

850 2221 1043 2298 limat,
1093 2240 1213 2285 non
1259 2223 1394 2286 odio
1441 2222 1691 2286 obscuro
1740 2240 2064 2305 morsuque
2110 2222 2405 2297 venenat3
2481 2222 2605 2283 39:
2672 2220 2849 2298 (sed)
2920 2220 3121 2284 rident
3188 2222 3344 2302 (sine
3412 2220 3872 2298 malevolentia)
3917 2221 4004 2283 vi<

847 2324 1091 2405 (rustici
1130 2325 1466 2407 simplices)
1515 2308 1857 2404 (dominum
1904 2325 2138 2405 praedii
2181 2324 2383 2405 ipsum
2429 2323 2765 2404 interdum)
2810 2323 3057 2406 glaebas
3103 2329 3164 2388 et
3210 2343 3352 2388 saxa
3395 2326 3747 2388 moventem
3789 2325 3999 2405 (aegre

846 2428 1278 2508 incommode).
1370 2429 1621 2492 Praeter
1667 2429 2096 2491 necessitatem
2144 2427 2335 2509 igitur
2375 2426 2490 2489 hoc
2538 2428 2869 2490 mutavisse
2915 2429 3155 2492 videtur
3199 2429 3495 2512 Ribbeck,
3565 2447 3933 2512 quamquam
3982 2448 4009 2490 r.

846 2533 935 2594 ita
977 2533 1180 2612 inepte
1219 2552 1315 2594 vv.
1363 2533 1639 2607 37-39‚
1713 2532 1765 2594 si
1810 2536 1950 2592 ante
1999 2551 2092 2595 vv.
2142 2533 2223 2592 32
2270 2549 2399 2613 sqq.
2447 2529 2813 2612 legerentur,
2883 2532 3152 2595 versibus
3200 2535 3369 2595 6—9
3414 2532 3801 2613 transpositis
3857 2531 4013 2614 quid«

845 2637 984 2716 post
1029 2656 1084 2702 v,
1135 2638 1217 2698 30
1265 2636 1677 2699 succederent.
1795 2634 1911 2698 Sed
1983 2653 2123 2696 cum
2191 2634 2353 2696 hunc
2422 2634 2627 2696 locum
2699 2653 2770 2696 ex
2833 2634 3114 2698 codicum
3183 2636 3546 2699 auctoritate
3613 2655 3649 2698 a
3718 2636 3914 2715 primo
3983 2655 4015 2696 n

847 2740 1196 2815 obtineant,
1261 2757 1381 2802 non
1451 2739 1717 2802 alienum
1784 2739 2023 2802 videtur
2080 2756 2200 2818 qua
2260 2757 2322 2800 re
2380 2739 2607 2817 optime
2650 2739 2791 2818 post
2834 2758 2889 2804 v,
2944 2740 3026 2802 36
3074 2738 3360 2821 legantur
3407 2740 3638 2803 docere.
3731 2740 3876 2803 Jam
3924 2758 4018 2818 sul

846 2844 1102 2920 ostendi,
1171 2842 1557 2923 transpositis
1625 2861 1717 2906 VV.
1790 2844 1967 2905 6-9-
2029 2841 2181 2904 bene
2247 2841 2405 2903 int-er
2471 2861 2534 2904 se
2604 2860 2935 2923 congruere
3003 2844 3065 2903 et
3134 2843 3357 2923 opponi
3413 2844 3564 2905 duas
3608 2842 3749 2904 illas
3793 2842 4021 2923 period«

847 2964 1102 3027 quarum
1173 2945 1365 3008 altera
1431 2940 1640 3009 versus
1725 2945 1874 3028 ¹),21
1914 2985 1937 2991 -
1973 2947 2075 3021 30,
2149 2946 2343 3007 altera
2404 2964 2498 3007 vv.
2562 2945 2660 3012 619
2707 2943 2793 3027 -1-
2842 2947 2922 3008 32
2945 2946 3025 3007 39
3060 2945 3296 3008 -deleto
3342 2965 3395 3009 v.
3446 2948 3523 3009 31
3575 2945 4023 3025 complectereti

848 3050 1131 3134 Namque
1176 3051 1307 3114 illic
1354 3052 1621 3131 primum
1652 3101 1665 3125 ,
1727 3054 1845 3128 (vv,
1901 3052 1977 3112 19
2006 3085 2033 3094 a
2070 3052 2179 3129 26)
2226 3068 2409 3131 quare
2456 3050 2667 3113 urbem
2714 3049 2928 3112 vilicus
2974 3048 3315 3125 desideret,
3386 3049 3601 3111 deinde
3648 3053 3770 3126 (vv.
3822 3051 4027 3112 26-3

845 3156 991 3236 quid
1038 3157 1118 3217 sit
1162 3175 1268 3217 cur
1311 3173 1415 3216 rus
1458 3154 1750 3228 fastidiat,
1798 3156 2120 3233 profertur,
2169 3154 2267 3216 hic
2315 3154 2580 3233 primum
2628 3156 2749 3233 (vv,
2778 3156 2875 3220 69
2902 3150 2988 3236 -1-
3014 3152 3248 3236 32134),
3297 3152 3588 3215 Horatius
3616 3155 3986 3233 quantopere
4023 3175 4029 3212 z

846 3258 991 3321 urbe
1039 3257 1376 3331 abhorreat,
1447 3257 1663 3319 deinde
1711 3260 1833 3335 (vv.
1884 3260 2187 3334 35—39),
2258 3260 2623 3339 quapropter
2668 3277 2771 3320 rus
2816 3257 2869 3320 ei
2916 3259 2996 3320 sit
3041 3258 3103 3319 in
3150 3275 3353 3319 amore
3399 3274 3471 3319 ac
3518 3255 3777 3332 deliciis,
3822 3260 3890 3316 ut
3935 3256 4033 3317 ute

846 3383 962 3443 que
1032 3382 1240 3425 eorum
1307 3363 1576 3442 primum
1651 3363 1722 3424 de
1785 3362 1951 3437 urbe,
2023 3362 2238 3424 deinde
2287 3362 2358 3423 de
2404 3380 2542 3422 rure
2589 3362 2736 3442 quid
2782 3362 3004 3422 sentiat
3050 3360 3328 3439 explicet.
3422 3359 3587 3438 Qua-e
3636 3380 3777 3421 cum
3826 3360 3911 3420 iia
3958 3358 4033 3419 sir

846 3482 941 3524 vv.
992 3467 1176 3538 37139
1244 3467 1471 3545 optimc
1540 3486 1717 3529 suum
1788 3466 2056 3528 obtinere
2104 3466 2330 3539 locum,
2399 3465 2693 3527 Ribbecki
2764 3463 3337 3527 transmutationem
3396 3483 3525 3526 esse
3588 3479 4033 3542 supervacanea

847 3583 1081 3627 censeo.

1146 3689 1516 3750 Proximum
1562 3695 1659 3751 est
1704 3695 1775 3751 ut
1821 3713 2169 3771 exponam,
2245 3692 2321 3753 de
2368 3713 2557 3753 versu
2601 3690 2785 3769 36**)
2833 3689 2987 3769 quid
3035 3688 3396 3751 faciendum
3444 3688 3750 3750 videatur.
3845 3687 4032 3747 Eteni

844 3792 1015 3873 quod
1064 3792 1353 3854 Ribbeck
1402 3813 1545 3854 eum
1591 3794 1802 3854 versui
1849 3793 1931 3854 35
1978 3795 2316 3856 succedere
2367 3816 2594 3876 passus
2641 3815 2768 3855 non
2815 3798 2914 3855 est
2961 3793 3157 3874 probo
3194 3790 3530 3870 laudeque,
3579 3789 4032 3871 quandoquide

844 3895 911 3956 in
956 3917 1011 3955 v.
1062 3895 1144 3956 35
1192 3916 1317 3956 non
1365 3896 1533 3957 inest
1577 3916 1703 3975 quo
1749 3894 2057 3957 referatur
2106 3920 2158 3957 v.
2205 3896 2307 3972 36,
2373 3899 2411 3958 i.
2464 3920 2513 3958 e.
2563 3897 2735 3976 quod
2781 3896 3018 3978 pudeat
3064 3895 3383 3956 hominem
3432 3893 3766 3955 eruditum.
3860 3892 4033 3954 Cont:

844 3996 1016 4077 quod
1066 3996 1245 4058 decet
1287 3999 1565 4060 maxime
1613 3999 1677 4060 in
1725 4019 1799 4061 eo
1847 3998 2098 4078 legitur.
2192 4001 2416 4063 Nonne
2480 4000 2677 4078 igitur
2728 3999 2885 4061 bene
2946 3998 3097 4059 fecit
3154 3997 3251 4059 vir
3315 3995 3420 4058 ille
3469 3994 3878 4057 doctissimus
3926 4016 4033 4074 qu<

840 4122 897 4160 v.
946 4099 1029 4162 36
1087 4100 1153 4159 in
1212 4101 1578 4180 parenthesi
1635 4106 1784 4163 ante
1844 4124 1899 4163 v.
1949 4101 2033 4164 35
2079 4102 2449 4177 collocavit,
2514 4124 2658 4164 cum
2716 4103 2780 4164 in
2827 4125 2922 4164 vv.
2974 4096 3161 4163 32134
3225 4102 3436 4160 exstet
3482 4097 3882 4178 apertissime
3928 4117 4033 4176 qu(

841 4201 1145 4264 dedeceat
1191 4202 1607 4285 pudeatque?
1698 4205 1889 4267 Esto:
1955 4206 2381 4269 concedamus
2439 4229 2495 4267 v.
2546 4204 2630 4267 36
2677 4209 2824 4266 ante
2871 4226 2927 4265 v.
2976 4201 3059 4265 35
3106 4201 3360 4264 facilius
3408 4201 3555 4262 ferri
3603 4221 3824 4281 posse:
3891 4197 4033 4277 quid

840 4303 1216 4383 prudentius
1273 4326 1415 4366 eum
1478 4327 1687 4368 nonne
1747 4328 2004 4387 prorsus
2070 4307 2411 4371 delendum
2472 4308 2672 4370 fuisse
2719 4306 3137 4382 existimatis,
3199 4326 3344 4366 cum
3390 4307 3453 4365 et
3498 4324 3793 4365 versuum
3840 4300 4033 4362 32—2‘7

841 4404 1174 4468 dec-ursum
1220 4409 1509 4468 tenerum
1557 4429 1631 4469 ac
1678 4407 1954 4484 mollem,
2007 4409 2675 4473 coniunctissimorum
2723 4409 3097 4491 praesertim
3133 4431 3274 4470 cum
3323 4431 3421 4470 vv.
3470 4407 3695 4482 37139,
3759 4404 4033 4467 vehemei

1145 4572 1195 4640 *)
1245 4588 1329 4623 vv.
1368 4573 1595 4624 37-39:
1675 4592 1816 4636 ⁸,non
1852 4575 1976 4626 istic
2016 4576 2239 4640 obliquo
2278 4576 2435 4628 oculo
2474 4594 2596 4629 mea
2632 4575 2924 4627 commoda
2962 4576 3256 4639 quisquam

1670 4642 1845 4707 limat,
1882 4660 1993 4694 non
2033 4644 2159 4695 odio
2196 4645 2429 4696 obscuro
2467 4661 2763 4709 morsuque
2804 4647 3074 4708 venenat3

1569 4712 1573 4717 ’
1671 4710 1860 4762 rident
1895 4712 2062 4763 vicini
2100 4713 2328 4778 glaebas
2363 4718 2417 4764 et
2455 4731 2590 4765 saxa
2625 4716 2983 4764 inoventein.“

1114 4813 1196 4880 **)
1242 4814 1383 4879 „Nec
1424 4813 1619 4864 lusisse
1658 4814 1826 4879 pudet
1863 4815 1957 4865 sed
1995 4831 2106 4866 non
2145 4815 2386 4866 incidere
2425 4816 2662 4868 ludum.²‘
