<?xml version="1.0" encoding="UTF-8"?>
<!DOCTYPE html PUBLIC "-//W3C//DTD XHTML 1.0 Transitional//EN"
    "http://www.w3.org/TR/xhtml1/DTD/xhtml1-transitional.dtd">
<html xmlns="http://www.w3.org/1999/xhtml" xml:lang="en" lang="en">
 <head>
  <title>
</title>
<meta http-equiv="Content-Type" content="text/html;charset=utf-8" />
  <meta name='ocr-system' content='tesseract 3.04.00' />
  <meta name='ocr-capabilities' content='ocr_page ocr_carea ocr_par ocr_line ocrx_word'/>
</head>
<body>
  <div class='ocr_page' id='page_1' title='image "./scidaehoratiana00gillgoog_0022.png"; bbox 0 0 4257 5461; ppageno 0'>
   <div class='ocr_carea' id='block_1_1' title="bbox 2446 514 2525 578">
    <p class='ocr_par' dir='ltr' id='par_1_1' title="bbox 2446 514 2525 578">
     <span class='ocr_line' id='line_1_1' title="bbox 2446 514 2525 578; baseline 0 0"><span class='ocrx_word' id='word_1_1' title='bbox 2446 514 2525 578; x_wconf 85' lang='lat'>17</span> 
     </span>
    </p>
   </div>
   <div class='ocr_carea' id='block_1_2' title="bbox 2295 602 2700 612">
    <p class='ocr_par' dir='ltr' id='par_1_2' title="bbox 2295 602 2700 612">
     <span class='ocr_line' id='line_1_2' title="bbox 2295 602 2700 612; baseline 0 4849"><span class='ocrx_word' id='word_1_2' title='bbox 2295 602 2700 612; x_wconf 95' lang='lat' dir='ltr'> </span> 
     </span>
    </p>
   </div>
   <div class='ocr_carea' id='block_1_3' title="bbox 849 721 4001 918">
    <p class='ocr_par' dir='ltr' id='par_1_3' title="bbox 849 721 4001 918">
     <span class='ocr_line' id='line_1_3' title="bbox 849 721 4001 817; baseline -0.002 -20"><span class='ocrx_word' id='word_1_3' title='bbox 849 752 1033 817; x_wconf 71' lang='lat' dir='ltr'>quae</span> <span class='ocrx_word' id='word_1_4' title='bbox 1075 728 1279 794; x_wconf 90' lang='lat' dir='ltr'>multo</span> <span class='ocrx_word' id='word_1_5' title='bbox 1323 725 1676 810; x_wconf 77' lang='lat' dir='ltr'>simplicior</span> <span class='ocrx_word' id='word_1_6' title='bbox 1719 722 2200 804; x_wconf 89' lang='lat' dir='ltr'>evidentiorque</span> <span class='ocrx_word' id='word_1_7' title='bbox 2244 724 2362 801; x_wconf 90' lang='lat' dir='ltr'>est,</span> <span class='ocrx_word' id='word_1_8' title='bbox 2406 721 2650 803; x_wconf 87' lang='lat' dir='ltr'>opinor,</span> <span class='ocrx_word' id='word_1_9' title='bbox 2697 743 2895 805; x_wconf 87' lang='lat' dir='ltr'>quam</span> <span class='ocrx_word' id='word_1_10' title='bbox 2937 723 3238 790; x_wconf 89' lang='lat' dir='ltr'>codicum</span> <span class='ocrx_word' id='word_1_11' title='bbox 3266 724 3388 789; x_wconf 92' lang='grc'><strong>1113</strong></span> <span class='ocrx_word' id='word_1_12' title='bbox 3434 746 3735 792; x_wconf 85' lang='lat' dir='ltr'>versuum</span> <span class='ocrx_word' id='word_1_13' title='bbox 3766 726 4001 794; x_wconf 87' lang='lat' dir='ltr'>distrac</span> 
     </span>
     <span class='ocr_line' id='line_1_4' title="bbox 859 829 1931 918; baseline -0.008 -19"><span class='ocrx_word' id='word_1_14' title='bbox 859 846 1035 918; x_wconf 80' lang='lat' dir='ltr'>quae</span> <span class='ocrx_word' id='word_1_15' title='bbox 1081 854 1162 897; x_wconf 85' lang='lat' dir='ltr'>ex</span> <span class='ocrx_word' id='word_1_16' title='bbox 1204 830 1326 896; x_wconf 95' lang='grc'><strong>1130</strong></span> <span class='ocrx_word' id='word_1_17' title='bbox 1370 829 1596 894; x_wconf 83' lang='grc'><strong>13111113</strong></span> <span class='ocrx_word' id='word_1_18' title='bbox 1638 830 1931 911; x_wconf 86' lang='lat' dir='ltr'>apparet:</span> 
     </span>
    </p>
   </div>
   <div class='ocr_carea' id='block_1_4' title="bbox 1275 924 3900 1035">
    <p class='ocr_par' dir='ltr' id='par_1_4' title="bbox 1275 924 3900 1035">
     <span class='ocr_line' id='line_1_5' title="bbox 1275 924 3900 1035; baseline -0 -18"><span class='ocrx_word' id='word_1_19' title='bbox 1275 924 3900 1035; x_wconf 71' lang='lat' dir='ltr'>5÷4÷1÷3÷4÷3s.÷97.÷1÷4÷1÷3÷5</span> 
     </span>
    </p>
   </div>
   <div class='ocr_carea' id='block_1_5' title="bbox 852 1069 4022 2083">
    <p class='ocr_par' dir='ltr' id='par_1_5' title="bbox 852 1069 4022 2083">
     <span class='ocr_line' id='line_1_6' title="bbox 1172 1069 4006 1156; baseline -0 -19"><span class='ocrx_word' id='word_1_20' title='bbox 1172 1071 1473 1138; x_wconf 74' lang='lat' dir='ltr'>Forsitan</span> <span class='ocrx_word' id='word_1_21' title='bbox 1517 1071 1843 1154; x_wconf 86' lang='lat' dir='ltr'>quispiam</span> <span class='ocrx_word' id='word_1_22' title='bbox 1887 1069 2142 1149; x_wconf 80' lang='lat' dir='ltr'>dixerit,</span> <span class='ocrx_word' id='word_1_23' title='bbox 2205 1070 2371 1134; x_wconf 91' lang='lat' dir='ltr'>hanc</span> <span class='ocrx_word' id='word_1_24' title='bbox 2416 1069 2629 1134; x_wconf 89' lang='lat' dir='ltr'>minus</span> <span class='ocrx_word' id='word_1_25' title='bbox 2676 1072 2895 1152; x_wconf 82' lang='lat' dir='ltr'>aptam</span> <span class='ocrx_word' id='word_1_26' title='bbox 2939 1070 3470 1153; x_wconf 81' lang='lat' dir='ltr'>compositionem</span> <span class='ocrx_word' id='word_1_27' title='bbox 3516 1093 3657 1137; x_wconf 88' lang='lat' dir='ltr'>esse</span> <span class='ocrx_word' id='word_1_28' title='bbox 3703 1073 4006 1156; x_wconf 88' lang='lat' dir='ltr'>epistula1</span> 
     </span>
     <span class='ocr_line' id='line_1_7' title="bbox 863 1163 4009 1261; baseline -0.001 -19"><span class='ocrx_word' id='word_1_29' title='bbox 863 1177 1099 1242; x_wconf 83' lang='lat' dir='ltr'>Horati</span> <span class='ocrx_word' id='word_1_30' title='bbox 1144 1177 1486 1261; x_wconf 84' lang='lat' dir='ltr'>propriam,</span> <span class='ocrx_word' id='word_1_31' title='bbox 1533 1197 1679 1239; x_wconf 91' lang='lat' dir='ltr'>cum</span> <span class='ocrx_word' id='word_1_32' title='bbox 1723 1173 2055 1247; x_wconf 86' lang='lat' dir='ltr'>imitentur</span> <span class='ocrx_word' id='word_1_33' title='bbox 2096 1163 2430 1249; x_wconf 84' lang='lat' dir='ltr'>hominum</span> <span class='ocrx_word' id='word_1_34' title='bbox 2458 1171 2856 1250; x_wconf 85' lang='lat' dir='ltr'>eruditorum</span> <span class='ocrx_word' id='word_1_35' title='bbox 2886 1194 3211 1238; x_wconf 90' lang='lat' dir='ltr'>sermones</span> <span class='ocrx_word' id='word_1_36' title='bbox 3245 1173 3346 1238; x_wconf 84' lang='lat' dir='ltr'>vel</span> <span class='ocrx_word' id='word_1_37' title='bbox 3378 1173 3701 1256; x_wconf 88' lang='lat' dir='ltr'>colloquia</span> <span class='ocrx_word' id='word_1_38' title='bbox 3732 1196 3813 1238; x_wconf 88' lang='lat' dir='ltr'>ex</span> <span class='ocrx_word' id='word_1_39' title='bbox 3842 1178 4009 1258; x_wconf 85' lang='lat' dir='ltr'>temp</span> 
     </span>
     <span class='ocr_line' id='line_1_8' title="bbox 866 1261 4011 1361; baseline 0 -19"><span class='ocrx_word' id='word_1_40' title='bbox 866 1261 1030 1344; x_wconf 69' lang='lat' dir='ltr'>fusa.</span> <span class='ocrx_word' id='word_1_41' title='bbox 1123 1280 1263 1361; x_wconf 88' lang='lat' dir='ltr'>Ego</span> <span class='ocrx_word' id='word_1_42' title='bbox 1311 1300 1460 1344; x_wconf 89' lang='lat' dir='ltr'>vero</span> <span class='ocrx_word' id='word_1_43' title='bbox 1507 1281 1683 1361; x_wconf 88' lang='lat' dir='ltr'>puto,</span> <span class='ocrx_word' id='word_1_44' title='bbox 1728 1277 1849 1340; x_wconf 90' lang='lat' dir='ltr'>hac</span> <span class='ocrx_word' id='word_1_45' title='bbox 1896 1277 1963 1340; x_wconf 91' lang='lat' dir='ltr'>in</span> <span class='ocrx_word' id='word_1_46' title='bbox 2010 1275 2289 1359; x_wconf 82' lang='lat' dir='ltr'>epistula</span> <span class='ocrx_word' id='word_1_47' title='bbox 2334 1273 2418 1340; x_wconf 91' lang='lat' dir='ltr'>ad</span> <span class='ocrx_word' id='word_1_48' title='bbox 2448 1274 2623 1339; x_wconf 88' lang='lat' dir='ltr'>vilici</span> <span class='ocrx_word' id='word_1_49' title='bbox 2651 1275 2912 1340; x_wconf 91' lang='lat' dir='ltr'>tardum</span> <span class='ocrx_word' id='word_1_50' title='bbox 2942 1276 3272 1357; x_wconf 81' lang='lat' dir='ltr'>ingenium</span> <span class='ocrx_word' id='word_1_51' title='bbox 3304 1276 3544 1359; x_wconf 86' lang='lat' dir='ltr'>optime</span> <span class='ocrx_word' id='word_1_52' title='bbox 3576 1278 4011 1342; x_wconf 71' lang='lat' dir='ltr'>accommodat</span> 
     </span>
     <span class='ocr_line' id='line_1_9' title="bbox 866 1369 4013 1464; baseline -0.001 -17"><span class='ocrx_word' id='word_1_53' title='bbox 866 1404 1009 1448; x_wconf 88' lang='lat' dir='ltr'>esse</span> <span class='ocrx_word' id='word_1_54' title='bbox 1031 1369 1034 1374; x_wconf 53' lang='grc'><strong>’</strong></span> <span class='ocrx_word' id='word_1_55' title='bbox 1055 1385 1493 1464; x_wconf 85' lang='lat' dir='ltr'>symmetriam</span> <span class='ocrx_word' id='word_1_56' title='bbox 1536 1381 1717 1445; x_wconf 87' lang='lat' dir='ltr'>illam</span> <span class='ocrx_word' id='word_1_57' title='bbox 1762 1400 1967 1462; x_wconf 91' lang='lat' dir='ltr'>neque</span> <span class='ocrx_word' id='word_1_58' title='bbox 2012 1379 2499 1444; x_wconf 84' lang='lat' dir='ltr'>distractionem</span> <span class='ocrx_word' id='word_1_59' title='bbox 2555 1382 2808 1443; x_wconf 88' lang='lat' dir='ltr'>tantam</span> <span class='ocrx_word' id='word_1_60' title='bbox 2872 1400 3014 1444; x_wconf 90' lang='lat' dir='ltr'>esse</span> <span class='ocrx_word' id='word_1_61' title='bbox 3079 1400 3269 1461; x_wconf 86' lang='lat' dir='ltr'>posse</span> <span class='ocrx_word' id='word_1_62' title='bbox 3325 1381 3415 1443; x_wconf 70' lang='lat' dir='ltr'>ut&#39;</span> <span class='ocrx_word' id='word_1_63' title='bbox 3443 1402 3703 1462; x_wconf 83' lang='lat' dir='ltr'>prorsus</span> <span class='ocrx_word' id='word_1_64' title='bbox 3749 1380 4013 1446; x_wconf 85' lang='lat' dir='ltr'>disician</span> 
     </span>
     <span class='ocr_line' id='line_1_10' title="bbox 865 1480 4015 1566; baseline -0 -16"><span class='ocrx_word' id='word_1_65' title='bbox 865 1485 1154 1550; x_wconf 91' lang='lat' dir='ltr'>membra</span> <span class='ocrx_word' id='word_1_66' title='bbox 1219 1506 1294 1550; x_wconf 89' lang='lat' dir='ltr'>ac</span> <span class='ocrx_word' id='word_1_67' title='bbox 1361 1507 1440 1548; x_wconf 89' lang='lat' dir='ltr'>ne</span> <span class='ocrx_word' id='word_1_68' title='bbox 1510 1482 1806 1566; x_wconf 87' lang='lat' dir='ltr'>quaestio</span> <span class='ocrx_word' id='word_1_69' title='bbox 1871 1483 2203 1566; x_wconf 89' lang='lat' dir='ltr'>proposita</span> <span class='ocrx_word' id='word_1_70' title='bbox 2268 1480 2528 1565; x_wconf 91' lang='lat' dir='ltr'>quidem</span> <span class='ocrx_word' id='word_1_71' title='bbox 2595 1485 2710 1546; x_wconf 89' lang='lat' dir='ltr'>aut</span> <span class='ocrx_word' id='word_1_72' title='bbox 2778 1503 2889 1564; x_wconf 86' lang='lat' dir='ltr'>per</span> <span class='ocrx_word' id='word_1_73' title='bbox 2948 1503 3019 1546; x_wconf 92' lang='lat' dir='ltr'>se</span> <span class='ocrx_word' id='word_1_74' title='bbox 3063 1482 3407 1546; x_wconf 88' lang='lat' dir='ltr'>manifesta</span> <span class='ocrx_word' id='word_1_75' title='bbox 3454 1484 3540 1546; x_wconf 91' lang='lat' dir='ltr'>sit</span> <span class='ocrx_word' id='word_1_76' title='bbox 3586 1488 3700 1546; x_wconf 90' lang='lat' dir='ltr'>aut</span> <span class='ocrx_word' id='word_1_77' title='bbox 3744 1485 3884 1548; x_wconf 90' lang='lat' dir='ltr'>sine</span> <span class='ocrx_word' id='word_1_78' title='bbox 3931 1485 4015 1549; x_wconf 88' lang='lat' dir='ltr'>du</span> 
     </span>
     <span class='ocr_line' id='line_1_11' title="bbox 854 1584 4017 1669; baseline 0 -17"><span class='ocrx_word' id='word_1_79' title='bbox 854 1588 1214 1669; x_wconf 54' lang='lat' dir='ltr'>efficiatum</span> <span class='ocrx_word' id='word_1_80' title='bbox 1281 1588 1563 1652; x_wconf 89' lang='lat' dir='ltr'>dubitari</span> <span class='ocrx_word' id='word_1_81' title='bbox 1632 1590 1850 1650; x_wconf 89' lang='lat' dir='ltr'>autem</span> <span class='ocrx_word' id='word_1_82' title='bbox 1916 1584 2387 1668; x_wconf 90' lang='lat' dir='ltr'>disceptarique</span> <span class='ocrx_word' id='word_1_83' title='bbox 2454 1585 2533 1650; x_wconf 92' lang='lat' dir='ltr'>de</span> <span class='ocrx_word' id='word_1_84' title='bbox 2579 1585 2769 1650; x_wconf 90' lang='lat' dir='ltr'>huius</span> <span class='ocrx_word' id='word_1_85' title='bbox 2836 1585 3152 1668; x_wconf 87' lang='lat' dir='ltr'>epistulae</span> <span class='ocrx_word' id='word_1_86' title='bbox 3218 1589 3597 1667; x_wconf 89' lang='lat' dir='ltr'>argumento</span> <span class='ocrx_word' id='word_1_87' title='bbox 3664 1606 3741 1650; x_wconf 89' lang='lat' dir='ltr'>ac</span> <span class='ocrx_word' id='word_1_88' title='bbox 3787 1609 4017 1652; x_wconf 56' lang='lat' dir='ltr'>summ}</span> 
     </span>
     <span class='ocr_line' id='line_1_12' title="bbox 865 1688 4019 1772; baseline -0 -18"><span class='ocrx_word' id='word_1_89' title='bbox 865 1692 1021 1756; x_wconf 88' lang='lat' dir='ltr'>viris</span> <span class='ocrx_word' id='word_1_90' title='bbox 1086 1691 1294 1756; x_wconf 82' lang='lat' dir='ltr'>doctis</span> <span class='ocrx_word' id='word_1_91' title='bbox 1363 1691 1796 1768; x_wconf 89' lang='lat' dir='ltr'>vehementer,</span> <span class='ocrx_word' id='word_1_92' title='bbox 1866 1711 2059 1772; x_wconf 90' lang='lat' dir='ltr'>supra</span> <span class='ocrx_word' id='word_1_93' title='bbox 2130 1689 2292 1754; x_wconf 89' lang='lat' dir='ltr'>satis</span> <span class='ocrx_word' id='word_1_94' title='bbox 2357 1688 2579 1753; x_wconf 89' lang='lat' dir='ltr'>multis</span> <span class='ocrx_word' id='word_1_95' title='bbox 2648 1688 2960 1772; x_wconf 90' lang='lat' dir='ltr'>exemplis</span> <span class='ocrx_word' id='word_1_96' title='bbox 3026 1689 3415 1753; x_wconf 84' lang='lat' dir='ltr'>confirmavi.</span> <span class='ocrx_word' id='word_1_97' title='bbox 3485 1723 3572 1734; x_wconf 90' lang='lat'>—-</span> <span class='ocrx_word' id='word_1_98' title='bbox 3645 1689 3891 1766; x_wconf 86' lang='lat' dir='ltr'>Quibus</span> <span class='ocrx_word' id='word_1_99' title='bbox 3939 1693 4019 1754; x_wconf 66' lang='lat' dir='ltr'>re}</span> 
     </span>
     <span class='ocr_line' id='line_1_13' title="bbox 864 1791 3998 1879; baseline -0.001 -19"><span class='ocrx_word' id='word_1_100' title='bbox 864 1795 1181 1879; x_wconf 88' lang='lat' dir='ltr'>expositis</span> <span class='ocrx_word' id='word_1_101' title='bbox 1227 1795 1388 1860; x_wconf 89' lang='lat' dir='ltr'>satis</span> <span class='ocrx_word' id='word_1_102' title='bbox 1435 1794 1910 1858; x_wconf 88' lang='lat' dir='ltr'>demonstrasse</span> <span class='ocrx_word' id='word_1_103' title='bbox 1956 1793 2194 1872; x_wconf 89' lang='lat' dir='ltr'>videor,</span> <span class='ocrx_word' id='word_1_104' title='bbox 2264 1813 2460 1874; x_wconf 90' lang='lat' dir='ltr'>quam</span> <span class='ocrx_word' id='word_1_105' title='bbox 2502 1791 2779 1856; x_wconf 87' lang='lat' dir='ltr'>multum</span> <span class='ocrx_word' id='word_1_106' title='bbox 2823 1791 2983 1856; x_wconf 89' lang='lat' dir='ltr'>haec</span> <span class='ocrx_word' id='word_1_107' title='bbox 3027 1813 3193 1875; x_wconf 88' lang='lat' dir='ltr'>quae</span> <span class='ocrx_word' id='word_1_108' title='bbox 3235 1792 3395 1858; x_wconf 87' lang='lat' dir='ltr'>mihi</span> <span class='ocrx_word' id='word_1_109' title='bbox 3440 1793 3653 1878; x_wconf 90' lang='lat' dir='ltr'>placet</span> <span class='ocrx_word' id='word_1_110' title='bbox 3695 1792 3888 1858; x_wconf 85' lang='lat' dir='ltr'>lectio</span> <span class='ocrx_word' id='word_1_111' title='bbox 3936 1800 3998 1859; x_wconf 84' lang='lat' dir='ltr'>et</span> 
     </span>
     <span class='ocr_line' id='line_1_14' title="bbox 863 1893 4022 1981; baseline 0 -19"><span class='ocrx_word' id='word_1_112' title='bbox 863 1900 1068 1964; x_wconf 88' lang='lat' dir='ltr'>totius</span> <span class='ocrx_word' id='word_1_113' title='bbox 1137 1896 1451 1981; x_wconf 76' lang='lat' dir='ltr'>epistulae</span> <span class='ocrx_word' id='word_1_114' title='bbox 1522 1899 1973 1977; x_wconf 85' lang='lat' dir='ltr'>argumentum</span> <span class='ocrx_word' id='word_1_115' title='bbox 2040 1916 2484 1977; x_wconf 87' lang='lat' dir='ltr'>summamque</span> <span class='ocrx_word' id='word_1_116' title='bbox 2550 1893 2760 1959; x_wconf 88' lang='lat' dir='ltr'>lucide</span> <span class='ocrx_word' id='word_1_117' title='bbox 2820 1894 3182 1959; x_wconf 86' lang='lat' dir='ltr'>definienda</span> <span class='ocrx_word' id='word_1_118' title='bbox 3229 1901 3292 1960; x_wconf 93' lang='grc'>01</span> <span class='ocrx_word' id='word_1_119' title='bbox 3338 1898 3422 1961; x_wconf 89' lang='lat' dir='ltr'>ad</span> <span class='ocrx_word' id='word_1_120' title='bbox 3468 1896 3870 1980; x_wconf 88' lang='lat' dir='ltr'>singularum</span> <span class='ocrx_word' id='word_1_121' title='bbox 3913 1921 4022 1963; x_wconf 65' lang='lat' dir='ltr'>rer:</span> 
     </span>
     <span class='ocr_line' id='line_1_15' title="bbox 852 1997 3017 2083; baseline -0.002 -17"><span class='ocrx_word' id='word_1_122' title='bbox 852 2005 1242 2068; x_wconf 87' lang='lat' dir='ltr'>-contextum</span> <span class='ocrx_word' id='word_1_123' title='bbox 1284 2000 1749 2082; x_wconf 88' lang='lat' dir='ltr'>verborumque</span> <span class='ocrx_word' id='word_1_124' title='bbox 1796 1999 2289 2083; x_wconf 87' lang='lat' dir='ltr'>perpetuitatem</span> <span class='ocrx_word' id='word_1_125' title='bbox 2335 1997 2729 2062; x_wconf 88' lang='lat' dir='ltr'>enucleanda</span> <span class='ocrx_word' id='word_1_126' title='bbox 2775 1997 3017 2062; x_wconf 84' lang='lat' dir='ltr'>afferat.</span> 
     </span>
    </p>
   </div>
   <div class='ocr_carea' id='block_1_6' title="bbox 862 2135 4033 2944">
    <p class='ocr_par' dir='ltr' id='par_1_6' title="bbox 862 2135 4033 2944">
     <span class='ocr_line' id='line_1_16' title="bbox 1172 2135 4026 2221; baseline 0.001 -19"><span class='ocrx_word' id='word_1_127' title='bbox 1172 2138 1515 2220; x_wconf 88' lang='lat' dir='ltr'>Reliquum</span> <span class='ocrx_word' id='word_1_128' title='bbox 1583 2140 1681 2200; x_wconf 88' lang='lat' dir='ltr'>est</span> <span class='ocrx_word' id='word_1_129' title='bbox 1746 2140 1818 2199; x_wconf 87' lang='lat' dir='ltr'>ut</span> <span class='ocrx_word' id='word_1_130' title='bbox 1886 2155 2203 2218; x_wconf 89' lang='lat' dir='ltr'>exponam</span> <span class='ocrx_word' id='word_1_131' title='bbox 2270 2137 2590 2218; x_wconf 89' lang='lat' dir='ltr'>quomodo</span> <span class='ocrx_word' id='word_1_132' title='bbox 2661 2135 2819 2199; x_wconf 89' lang='lat' dir='ltr'>haec</span> <span class='ocrx_word' id='word_1_133' title='bbox 2889 2156 3056 2198; x_wconf 89' lang='lat' dir='ltr'>nova</span> <span class='ocrx_word' id='word_1_134' title='bbox 3124 2136 3315 2200; x_wconf 88' lang='lat' dir='ltr'>lectio</span> <span class='ocrx_word' id='word_1_135' title='bbox 3384 2160 3465 2202; x_wconf 88' lang='lat' dir='ltr'>ex</span> <span class='ocrx_word' id='word_1_136' title='bbox 3509 2140 3791 2221; x_wconf 89' lang='lat' dir='ltr'>ipsorum</span> <span class='ocrx_word' id='word_1_137' title='bbox 3837 2141 4026 2204; x_wconf 89' lang='lat' dir='ltr'>codic·</span> 
     </span>
     <span class='ocr_line' id='line_1_17' title="bbox 862 2238 4028 2323; baseline -0.002 -17"><span class='ocrx_word' id='word_1_138' title='bbox 862 2242 1172 2307; x_wconf 44' lang='lat' dir='ltr'>‘instituta</span> <span class='ocrx_word' id='word_1_139' title='bbox 1216 2243 1466 2307; x_wconf 90' lang='lat' dir='ltr'>ratione</span> <span class='ocrx_word' id='word_1_140' title='bbox 1512 2245 1577 2305; x_wconf 92' lang='lat' dir='ltr'>et</span> <span class='ocrx_word' id='word_1_141' title='bbox 1622 2241 1939 2323; x_wconf 87' lang='lat' dir='ltr'>scriptura</span> <span class='ocrx_word' id='word_1_142' title='bbox 1986 2238 2244 2322; x_wconf 86' lang='lat' dir='ltr'>probari</span> <span class='ocrx_word' id='word_1_143' title='bbox 2289 2240 2512 2321; x_wconf 90' lang='lat' dir='ltr'>possit.</span> <span class='ocrx_word' id='word_1_144' title='bbox 2607 2238 2774 2315; x_wconf 86' lang='lat' dir='ltr'>Quid</span> <span class='ocrx_word' id='word_1_145' title='bbox 2818 2239 3020 2320; x_wconf 81' lang='lat' dir='ltr'>ergo‘?</span> <span class='ocrx_word' id='word_1_146' title='bbox 3111 2240 3401 2305; x_wconf 89' lang='lat' dir='ltr'>codicum</span> <span class='ocrx_word' id='word_1_147' title='bbox 3463 2261 3583 2322; x_wconf 90' lang='lat' dir='ltr'>ego</span> <span class='ocrx_word' id='word_1_148' title='bbox 3630 2242 3822 2306; x_wconf 88' lang='lat' dir='ltr'>fidem</span> <span class='ocrx_word' id='word_1_149' title='bbox 3868 2243 4028 2307; x_wconf 90' lang='lat' dir='ltr'>dubi</span> 
     </span>
     <span class='ocr_line' id='line_1_18' title="bbox 871 2341 4030 2429; baseline -0.002 -19"><span class='ocrx_word' id='word_1_150' title='bbox 871 2367 1012 2411; x_wconf 90' lang='lat' dir='ltr'>esse</span> <span class='ocrx_word' id='word_1_151' title='bbox 1058 2349 1245 2429; x_wconf 87' lang='lat' dir='ltr'>puto,</span> <span class='ocrx_word' id='word_1_152' title='bbox 1312 2367 1703 2428; x_wconf 91' lang='lat' dir='ltr'>quamquam</span> <span class='ocrx_word' id='word_1_153' title='bbox 1767 2342 2032 2426; x_wconf 86' lang='lat' dir='ltr'>paulum</span> <span class='ocrx_word' id='word_1_154' title='bbox 2090 2343 2258 2406; x_wconf 91' lang='lat' dir='ltr'>inter</span> <span class='ocrx_word' id='word_1_155' title='bbox 2303 2363 2371 2406; x_wconf 90' lang='lat' dir='ltr'>se</span> <span class='ocrx_word' id='word_1_156' title='bbox 2418 2341 2717 2406; x_wconf 83' lang='lat' dir='ltr'>distant?</span> <span class='ocrx_word' id='word_1_157' title='bbox 2804 2342 2972 2406; x_wconf 91' lang='lat' dir='ltr'>Puto</span> <span class='ocrx_word' id='word_1_158' title='bbox 3019 2341 3283 2406; x_wconf 90' lang='lat' dir='ltr'>dubiam</span> <span class='ocrx_word' id='word_1_159' title='bbox 3326 2346 3420 2408; x_wconf 89' lang='lat' dir='ltr'>ita</span> <span class='ocrx_word' id='word_1_160' title='bbox 3464 2348 3539 2408; x_wconf 93' lang='lat' dir='ltr'>ut</span> <span class='ocrx_word' id='word_1_161' title='bbox 3582 2365 3843 2427; x_wconf 91' lang='lat' dir='ltr'>prorsus</span> <span class='ocrx_word' id='word_1_162' title='bbox 3888 2346 4030 2410; x_wconf 49' lang='lat' dir='ltr'>null¹</span> 
     </span>
     <span class='ocr_line' id='line_1_19' title="bbox 870 2445 4033 2528; baseline -0.001 -14"><span class='ocrx_word' id='word_1_163' title='bbox 870 2450 1109 2514; x_wconf 89' lang='lat' dir='ltr'>habere</span> <span class='ocrx_word' id='word_1_164' title='bbox 1177 2448 1648 2514; x_wconf 87' lang='lat' dir='ltr'>dubitationem</span> <span class='ocrx_word' id='word_1_165' title='bbox 1717 2468 1962 2528; x_wconf 84' lang='lat' dir='ltr'>negem.</span> <span class='ocrx_word' id='word_1_166' title='bbox 2082 2445 2454 2511; x_wconf 90' lang='lat' dir='ltr'>Gothanum</span> <span class='ocrx_word' id='word_1_167' title='bbox 2521 2445 2783 2528; x_wconf 92' lang='lat' dir='ltr'>quidem</span> <span class='ocrx_word' id='word_1_168' title='bbox 2846 2446 3011 2509; x_wconf 88' lang='lat' dir='ltr'>mira</span> <span class='ocrx_word' id='word_1_169' title='bbox 3078 2447 3556 2528; x_wconf 85' lang='lat' dir='ltr'>perturbatione</span> <span class='ocrx_word' id='word_1_170' title='bbox 3626 2469 3768 2512; x_wconf 87' lang='lat' dir='ltr'>esse</span> <span class='ocrx_word' id='word_1_171' title='bbox 3839 2448 4033 2513; x_wconf 69' lang='lat' dir='ltr'>Ribbe</span> 
     </span>
     <span class='ocr_line' id='line_1_20' title="bbox 875 2547 4013 2635; baseline 0 -20"><span class='ocrx_word' id='word_1_172' title='bbox 875 2550 943 2634; x_wconf 92' lang='lat'>(1.</span> <span class='ocrx_word' id='word_1_173' title='bbox 991 2552 1032 2615; x_wconf 94' lang='lat' dir='ltr'>l.</span> <span class='ocrx_word' id='word_1_174' title='bbox 1082 2574 1141 2635; x_wconf 88' lang='lat' dir='ltr'>p.</span> <span class='ocrx_word' id='word_1_175' title='bbox 1188 2552 1273 2618; x_wconf 84' lang='lat'>98</span> <span class='ocrx_word' id='word_1_176' title='bbox 1317 2551 1409 2632; x_wconf 85' lang='lat' dir='ltr'>ff.)</span> <span class='ocrx_word' id='word_1_177' title='bbox 1481 2553 1667 2614; x_wconf 88' lang='lat' dir='ltr'>docet</span> <span class='ocrx_word' id='word_1_178' title='bbox 1734 2548 2079 2632; x_wconf 89' lang='lat' dir='ltr'>praeclare.</span> <span class='ocrx_word' id='word_1_179' title='bbox 2172 2547 2388 2625; x_wconf 81' lang='lat' dir='ltr'>Quid?</span> <span class='ocrx_word' id='word_1_180' title='bbox 2476 2548 2650 2630; x_wconf 92' lang='lat' dir='ltr'>quod</span> <span class='ocrx_word' id='word_1_181' title='bbox 2691 2547 2935 2613; x_wconf 89' lang='lat' dir='ltr'>Bobrik</span> <span class='ocrx_word' id='word_1_182' title='bbox 2978 2569 3181 2632; x_wconf 87' lang='lat' dir='ltr'>nuper</span> <span class='ocrx_word' id='word_1_183' title='bbox 3226 2548 3548 2632; x_wconf 84' lang='lat' dir='ltr'>Gryphiae</span> <span class='ocrx_word' id='word_1_184' title='bbox 3595 2551 4013 2634; x_wconf 90' lang='lat' dir='ltr'>probaturum</span> 
     </span>
     <span class='ocr_line' id='line_1_21' title="bbox 870 2650 4033 2739; baseline 0.001 -21"><span class='ocrx_word' id='word_1_185' title='bbox 870 2656 1203 2739; x_wconf 87' lang='lat' dir='ltr'>professus</span> <span class='ocrx_word' id='word_1_186' title='bbox 1249 2658 1349 2719; x_wconf 88' lang='lat' dir='ltr'>est</span> <span class='ocrx_word' id='word_1_187' title='bbox 1393 2655 1760 2717; x_wconf 87' lang='lat' dir='ltr'>universum</span> <span class='ocrx_word' id='word_1_188' title='bbox 1807 2653 2164 2717; x_wconf 89' lang='lat' dir='ltr'>carminum</span> <span class='ocrx_word' id='word_1_189' title='bbox 2208 2651 2436 2715; x_wconf 89' lang='lat' dir='ltr'>Horati</span> <span class='ocrx_word' id='word_1_190' title='bbox 2483 2652 2592 2734; x_wconf 89' lang='lat' dir='ltr'>qui</span> <span class='ocrx_word' id='word_1_191' title='bbox 2635 2672 2804 2714; x_wconf 90' lang='lat' dir='ltr'>nunc</span> <span class='ocrx_word' id='word_1_192' title='bbox 2848 2651 2936 2715; x_wconf 89' lang='lat' dir='ltr'>sit</span> <span class='ocrx_word' id='word_1_193' title='bbox 2980 2650 3293 2730; x_wconf 88' lang='lat' dir='ltr'>habitum,</span> <span class='ocrx_word' id='word_1_194' title='bbox 3358 2653 3665 2735; x_wconf 90' lang='lat' dir='ltr'>ordinem,</span> <span class='ocrx_word' id='word_1_195' title='bbox 3730 2654 4033 2720; x_wconf 76' lang='lat' dir='ltr'>divisione</span> 
     </span>
     <span class='ocr_line' id='line_1_22' title="bbox 871 2754 4033 2844; baseline -0.001 -20"><span class='ocrx_word' id='word_1_196' title='bbox 871 2760 1405 2844; x_wconf 88' lang='lat' dir='ltr'>compositionem</span> <span class='ocrx_word' id='word_1_197' title='bbox 1449 2780 1578 2822; x_wconf 91' lang='lat' dir='ltr'>non</span> <span class='ocrx_word' id='word_1_198' title='bbox 1624 2779 1764 2821; x_wconf 84' lang='lat' dir='ltr'>esse</span> <span class='ocrx_word' id='word_1_199' title='bbox 1811 2758 2090 2837; x_wconf 88' lang='lat' dir='ltr'>genuina</span> <span class='ocrx_word' id='word_1_200' title='bbox 2137 2756 2395 2819; x_wconf 92' lang='lat' dir='ltr'>omnino</span> <span class='ocrx_word' id='word_1_201' title='bbox 2445 2755 2557 2818; x_wconf 90' lang='lat' dir='ltr'>sed</span> <span class='ocrx_word' id='word_1_202' title='bbox 2604 2754 2905 2819; x_wconf 89' lang='lat' dir='ltr'>editionis</span> <span class='ocrx_word' id='word_1_203' title='bbox 2952 2755 3114 2821; x_wconf 88' lang='lat' dir='ltr'>satis</span> <span class='ocrx_word' id='word_1_204' title='bbox 3158 2758 3431 2821; x_wconf 89' lang='lat' dir='ltr'>recentis</span> <span class='ocrx_word' id='word_1_205' title='bbox 3464 2761 3530 2821; x_wconf 92' lang='lat' dir='ltr'>et</span> <span class='ocrx_word' id='word_1_206' title='bbox 3559 2759 3826 2823; x_wconf 88' lang='lat' dir='ltr'>arbitrio</span> <span class='ocrx_word' id='word_1_207' title='bbox 3860 2759 4033 2824; x_wconf 80' lang='lat' dir='ltr'>facta</span> 
     </span>
     <span class='ocr_line' id='line_1_23' title="bbox 862 2857 4033 2944; baseline -0 -16"><span class='ocrx_word' id='word_1_208' title='bbox 862 2863 944 2928; x_wconf 88' lang='lat' dir='ltr'>Id</span> <span class='ocrx_word' id='word_1_209' title='bbox 994 2863 1191 2944; x_wconf 88' lang='lat' dir='ltr'>igitur</span> <span class='ocrx_word' id='word_1_210' title='bbox 1237 2862 1394 2927; x_wconf 89' lang='lat' dir='ltr'>mihi</span> <span class='ocrx_word' id='word_1_211' title='bbox 1439 2862 1828 2926; x_wconf 87' lang='lat' dir='ltr'>concedatur</span> <span class='ocrx_word' id='word_1_212' title='bbox 1872 2864 1944 2925; x_wconf 93' lang='lat' dir='ltr'>ut</span> <span class='ocrx_word' id='word_1_213' title='bbox 1988 2859 2301 2943; x_wconf 85' lang='lat' dir='ltr'>explicem</span> <span class='ocrx_word' id='word_1_214' title='bbox 2347 2858 2669 2944; x_wconf 87' lang='lat' dir='ltr'>quomodo</span> <span class='ocrx_word' id='word_1_215' title='bbox 2735 2857 2924 2923; x_wconf 89' lang='lat' dir='ltr'>huius</span> <span class='ocrx_word' id='word_1_216' title='bbox 2993 2858 3309 2941; x_wconf 87' lang='lat' dir='ltr'>epistulae</span> <span class='ocrx_word' id='word_1_217' title='bbox 3376 2862 3698 2943; x_wconf 88' lang='lat' dir='ltr'>corruptio</span> <span class='ocrx_word' id='word_1_218' title='bbox 3766 2865 3908 2926; x_wconf 88' lang='lat' dir='ltr'>orta</span> <span class='ocrx_word' id='word_1_219' title='bbox 3973 2884 4033 2927; x_wconf 90' lang='lat' dir='ltr'>m</span> 
     </span>
    </p>
   </div>
   <div class='ocr_carea' id='block_1_7' title="bbox 867 2964 1668 3049">
    <p class='ocr_par' dir='ltr' id='par_1_7' title="bbox 867 2964 1668 3049">
     <span class='ocr_line' id='line_1_24' title="bbox 867 2964 1668 3049; baseline -0.001 -20"><span class='ocrx_word' id='word_1_220' title='bbox 867 2966 1180 3030; x_wconf 89' lang='lat' dir='ltr'>videatur.</span> <span class='ocrx_word' id='word_1_221' title='bbox 1273 2964 1378 3049; x_wconf 87' lang='lat' dir='ltr'>(cf.</span> <span class='ocrx_word' id='word_1_222' title='bbox 1429 2988 1488 3049; x_wconf 92' lang='lat' dir='ltr'>p.</span> <span class='ocrx_word' id='word_1_223' title='bbox 1542 2965 1668 3048; x_wconf 84' lang='lat'>19.)</span> 
     </span>
    </p>
   </div>
   <div class='ocr_carea' id='block_1_8' title="bbox 856 3100 4033 4529">
    <p class='ocr_par' dir='ltr' id='par_1_8' title="bbox 856 3100 4033 4529">
     <span class='ocr_line' id='line_1_25' title="bbox 1170 3100 4033 3185; baseline 0 -19"><span class='ocrx_word' id='word_1_224' title='bbox 1170 3103 1320 3181; x_wconf 86' lang='lat' dir='ltr'>Fac,</span> <span class='ocrx_word' id='word_1_225' title='bbox 1367 3122 1629 3185; x_wconf 86' lang='lat' dir='ltr'>quaes0,</span> <span class='ocrx_word' id='word_1_226' title='bbox 1677 3102 1744 3164; x_wconf 89' lang='lat' dir='ltr'>in</span> <span class='ocrx_word' id='word_1_227' title='bbox 1788 3101 2061 3183; x_wconf 91' lang='lat' dir='ltr'>singulis</span> <span class='ocrx_word' id='word_1_228' title='bbox 2105 3100 2434 3183; x_wconf 81' lang='lat' dir='ltr'>archetypi</span> <span class='ocrx_word' id='word_1_229' title='bbox 2467 3102 2566 3165; x_wconf 90' lang='lat' dir='ltr'>vel</span> <span class='ocrx_word' id='word_1_230' title='bbox 2598 3100 2848 3183; x_wconf 88' lang='lat' dir='ltr'>antiqui</span> <span class='ocrx_word' id='word_1_231' title='bbox 2881 3100 3153 3165; x_wconf 88' lang='lat' dir='ltr'>alicuius</span> <span class='ocrx_word' id='word_1_232' title='bbox 3188 3101 3450 3181; x_wconf 88' lang='lat' dir='ltr'>codicis,</span> <span class='ocrx_word' id='word_1_233' title='bbox 3497 3124 3536 3165; x_wconf 92' lang='lat' dir='ltr'>a</span> <span class='ocrx_word' id='word_1_234' title='bbox 3566 3123 3694 3185; x_wconf 93' lang='lat' dir='ltr'>quo</span> <span class='ocrx_word' id='word_1_235' title='bbox 3728 3103 4033 3166; x_wconf 78' lang='lat' dir='ltr'>recentior</span> 
     </span>
     <span class='ocr_line' id='line_1_26' title="bbox 869 3203 4022 3292; baseline -0.001 -22"><span class='ocrx_word' id='word_1_236' title='bbox 869 3208 980 3292; x_wconf 91' lang='lat' dir='ltr'>qui</span> <span class='ocrx_word' id='word_1_237' title='bbox 1026 3227 1195 3269; x_wconf 91' lang='lat' dir='ltr'>nunc</span> <span class='ocrx_word' id='word_1_238' title='bbox 1241 3209 1522 3282; x_wconf 88' lang='lat' dir='ltr'>exstant,</span> <span class='ocrx_word' id='word_1_239' title='bbox 1570 3205 1822 3269; x_wconf 89' lang='lat' dir='ltr'>codices</span> <span class='ocrx_word' id='word_1_240' title='bbox 1871 3206 1995 3269; x_wconf 85' lang='lat' dir='ltr'>orti</span> <span class='ocrx_word' id='word_1_241' title='bbox 2040 3208 2210 3284; x_wconf 89' lang='lat' dir='ltr'>sunt,</span> <span class='ocrx_word' id='word_1_242' title='bbox 2256 3205 2512 3287; x_wconf 88' lang='lat' dir='ltr'>paginis</span> <span class='ocrx_word' id='word_1_243' title='bbox 2557 3226 2779 3269; x_wconf 89' lang='lat' dir='ltr'>versus</span> <span class='ocrx_word' id='word_1_244' title='bbox 2827 3204 3110 3270; x_wconf 79' lang='lat' dir='ltr'>vicenos</span> <span class='ocrx_word' id='word_1_245' title='bbox 3143 3203 3354 3269; x_wconf 84' lang='lat' dir='ltr'>binos</span> <span class='ocrx_word' id='word_1_246' title='bbox 3387 3204 3481 3267; x_wconf 90' lang='lat' dir='ltr'>ita</span> <span class='ocrx_word' id='word_1_247' title='bbox 3515 3204 3789 3286; x_wconf 88' lang='lat' dir='ltr'>scriptos</span> <span class='ocrx_word' id='word_1_248' title='bbox 3823 3204 4022 3269; x_wconf 88' lang='lat' dir='ltr'>fuisse</span> 
     </span>
     <span class='ocr_line' id='line_1_27' title="bbox 862 3305 4033 3392; baseline -0.001 -20"><span class='ocrx_word' id='word_1_249' title='bbox 862 3308 1142 3391; x_wconf 79' lang='lat' dir='ltr'>prioris</span> <span class='ocrx_word' id='word_1_250' title='bbox 1166 3310 1443 3392; x_wconf 89' lang='lat' dir='ltr'>paginae</span> <span class='ocrx_word' id='word_1_251' title='bbox 1468 3328 1688 3370; x_wconf 89' lang='lat' dir='ltr'>versus</span> <span class='ocrx_word' id='word_1_252' title='bbox 1714 3306 1925 3370; x_wconf 89' lang='lat' dir='ltr'>ultimi</span> <span class='ocrx_word' id='word_1_253' title='bbox 1951 3312 2168 3372; x_wconf 90' lang='lat' dir='ltr'>essent</span> <span class='ocrx_word' id='word_1_254' title='bbox 2189 3306 2451 3371; x_wconf 78' lang='lat' dir='ltr'>titulus</span> <span class='ocrx_word' id='word_1_255' title='bbox 2488 3308 2560 3372; x_wconf 79' lang='lat' dir='ltr'>et</span> <span class='ocrx_word' id='word_1_256' title='bbox 2589 3307 2897 3387; x_wconf 83' lang='lat' dir='ltr'>quinque</span> <span class='ocrx_word' id='word_1_257' title='bbox 2929 3305 3149 3389; x_wconf 83' lang='lat' dir='ltr'>primi</span> <span class='ocrx_word' id='word_1_258' title='bbox 3178 3307 3368 3371; x_wconf 90' lang='lat' dir='ltr'>huius</span> <span class='ocrx_word' id='word_1_259' title='bbox 3403 3306 3719 3390; x_wconf 87' lang='lat' dir='ltr'>epistulae</span> <span class='ocrx_word' id='word_1_260' title='bbox 3752 3307 4033 3372; x_wconf 60' lang='lat' dir='ltr'>hexamei</span> 
     </span>
     <span class='ocr_line' id='line_1_28' title="bbox 869 3408 4033 3496; baseline 0 -20"><span class='ocrx_word' id='word_1_261' title='bbox 869 3413 1007 3476; x_wconf 91' lang='lat' dir='ltr'>Hoc</span> <span class='ocrx_word' id='word_1_262' title='bbox 1047 3414 1260 3496; x_wconf 89' lang='lat' dir='ltr'>posito</span> <span class='ocrx_word' id='word_1_263' title='bbox 1306 3415 1372 3477; x_wconf 88' lang='lat' dir='ltr'>et</span> <span class='ocrx_word' id='word_1_264' title='bbox 1414 3431 1720 3475; x_wconf 90' lang='lat' dir='ltr'>concesso</span> <span class='ocrx_word' id='word_1_265' title='bbox 1766 3411 1833 3472; x_wconf 90' lang='lat' dir='ltr'>in</span> <span class='ocrx_word' id='word_1_266' title='bbox 1877 3413 2229 3492; x_wconf 88' lang='lat' dir='ltr'>posteriore</span> <span class='ocrx_word' id='word_1_267' title='bbox 2274 3411 2514 3493; x_wconf 89' lang='lat' dir='ltr'>pagina</span> <span class='ocrx_word' id='word_1_268' title='bbox 2561 3408 2754 3492; x_wconf 88' lang='lat' dir='ltr'>(quae</span> <span class='ocrx_word' id='word_1_269' title='bbox 2801 3411 2943 3494; x_wconf 91' lang='lat' dir='ltr'>ipsa</span> <span class='ocrx_word' id='word_1_270' title='bbox 2988 3432 3243 3493; x_wconf 90' lang='lat' dir='ltr'>quoque</span> <span class='ocrx_word' id='word_1_271' title='bbox 3289 3411 3451 3475; x_wconf 88' lang='lat' dir='ltr'>duos</span> <span class='ocrx_word' id='word_1_272' title='bbox 3512 3414 3577 3475; x_wconf 92' lang='lat' dir='ltr'>et</span> <span class='ocrx_word' id='word_1_273' title='bbox 3621 3410 3855 3491; x_wconf 89' lang='lat' dir='ltr'>viginti</span> <span class='ocrx_word' id='word_1_274' title='bbox 3901 3432 4033 3476; x_wconf 71' lang='lat' dir='ltr'>vers,</span> 
     </span>
     <span class='ocr_line' id='line_1_29' title="bbox 858 3512 4033 3598; baseline 0.001 -23"><span class='ocrx_word' id='word_1_275' title='bbox 858 3513 1441 3598; x_wconf 78' lang='lat' dir='ltr'>complectebatur)</span> <span class='ocrx_word' id='word_1_276' title='bbox 1512 3513 1735 3596; x_wconf 87' lang='lat' dir='ltr'>scripti</span> <span class='ocrx_word' id='word_1_277' title='bbox 1803 3512 2061 3577; x_wconf 87' lang='lat' dir='ltr'>fuerunt</span> <span class='ocrx_word' id='word_1_278' title='bbox 2127 3514 2537 3595; x_wconf 86' lang='lat' dir='ltr'>insequentes</span> <span class='ocrx_word' id='word_1_279' title='bbox 2605 3513 2732 3577; x_wconf 92' lang='lat' dir='ltr'>duo</span> <span class='ocrx_word' id='word_1_280' title='bbox 2803 3518 2868 3577; x_wconf 90' lang='lat' dir='ltr'>et</span> <span class='ocrx_word' id='word_1_281' title='bbox 2934 3514 3165 3595; x_wconf 88' lang='lat' dir='ltr'>viginti</span> <span class='ocrx_word' id='word_1_282' title='bbox 3210 3513 3526 3597; x_wconf 89' lang='lat' dir='ltr'>epistulae</span> <span class='ocrx_word' id='word_1_283' title='bbox 3571 3515 3957 3594; x_wconf 87' lang='lat' dir='ltr'>hexametri,</span> <span class='ocrx_word' id='word_1_284' title='bbox 4027 3538 4033 3545; x_wconf 87' lang='lat'>·</span> 
     </span>
     <span class='ocr_line' id='line_1_30' title="bbox 868 3615 4033 3700; baseline 0 -21"><span class='ocrx_word' id='word_1_285' title='bbox 868 3615 1068 3697; x_wconf 90' lang='lat' dir='ltr'>igitur</span> <span class='ocrx_word' id='word_1_286' title='bbox 1141 3617 1239 3694; x_wconf 88' lang='lat'>10,</span> <span class='ocrx_word' id='word_1_287' title='bbox 1291 3618 1560 3694; x_wconf 87' lang='lat'>14—30,</span> <span class='ocrx_word' id='word_1_288' title='bbox 1609 3615 1883 3681; x_wconf 79' lang='lat'>32-35.</span> <span class='ocrx_word' id='word_1_289' title='bbox 1998 3617 2206 3681; x_wconf 89' lang='lat' dir='ltr'>Huius</span> <span class='ocrx_word' id='word_1_290' title='bbox 2274 3618 2550 3699; x_wconf 89' lang='lat' dir='ltr'>paginae</span> <span class='ocrx_word' id='word_1_291' title='bbox 2613 3617 2678 3680; x_wconf 92' lang='lat' dir='ltr'>in</span> <span class='ocrx_word' id='word_1_292' title='bbox 2746 3616 3107 3682; x_wconf 80' lang='lat' dir='ltr'>exteriore</span> <span class='ocrx_word' id='word_1_293' title='bbox 3173 3618 3462 3698; x_wconf 89' lang='lat' dir='ltr'>margine</span> <span class='ocrx_word' id='word_1_294' title='bbox 3530 3617 3891 3700; x_wconf 90' lang='lat' dir='ltr'>adscriptos</span> <span class='ocrx_word' id='word_1_295' title='bbox 3959 3617 4033 3680; x_wconf 83' lang='lat' dir='ltr'>fir</span> 
     </span>
     <span class='ocr_line' id='line_1_31' title="bbox 869 3719 4033 3802; baseline 0.001 -21"><span class='ocrx_word' id='word_1_296' title='bbox 869 3723 1095 3800; x_wconf 90' lang='lat' dir='ltr'>postea</span> <span class='ocrx_word' id='word_1_297' title='bbox 1164 3719 1248 3783; x_wconf 92' lang='lat' dir='ltr'>ab</span> <span class='ocrx_word' id='word_1_298' title='bbox 1315 3720 1532 3802; x_wconf 91' lang='lat' dir='ltr'>aliquo</span> <span class='ocrx_word' id='word_1_299' title='bbox 1603 3724 1668 3783; x_wconf 89' lang='grc'>01</span> <span class='ocrx_word' id='word_1_300' title='bbox 1735 3719 2116 3785; x_wconf 89' lang='lat' dir='ltr'>subditicios</span> <span class='ocrx_word' id='word_1_301' title='bbox 2186 3727 2284 3785; x_wconf 79' lang='lat' dir='ltr'>vv.</span> <span class='ocrx_word' id='word_1_302' title='bbox 2336 3721 2591 3784; x_wconf 88' lang='lat'>11-13</span> <span class='ocrx_word' id='word_1_303' title='bbox 2638 3721 2819 3785; x_wconf 86' lang='lat' dir='ltr'>iuxta</span> <span class='ocrx_word' id='word_1_304' title='bbox 2865 3744 2922 3784; x_wconf 87' lang='lat' dir='ltr'>v.</span> <span class='ocrx_word' id='word_1_305' title='bbox 2976 3720 3074 3801; x_wconf 90' lang='lat'>10,</span> <span class='ocrx_word' id='word_1_306' title='bbox 3144 3725 3208 3784; x_wconf 89' lang='lat' dir='ltr'>et</span> <span class='ocrx_word' id='word_1_307' title='bbox 3253 3720 3669 3786; x_wconf 89' lang='lat' dir='ltr'>subditicium</span> <span class='ocrx_word' id='word_1_308' title='bbox 3715 3745 3772 3787; x_wconf 88' lang='lat' dir='ltr'>v.</span> <span class='ocrx_word' id='word_1_309' title='bbox 3820 3721 3900 3786; x_wconf 88' lang='lat'>31</span> <span class='ocrx_word' id='word_1_310' title='bbox 3949 3722 4033 3785; x_wconf 73' lang='lat' dir='ltr'>iu}</span> 
     </span>
     <span class='ocr_line' id='line_1_32' title="bbox 868 3821 4033 3906; baseline 0.002 -22"><span class='ocrx_word' id='word_1_311' title='bbox 868 3843 927 3884; x_wconf 90' lang='lat' dir='ltr'>v.</span> <span class='ocrx_word' id='word_1_312' title='bbox 975 3821 1079 3901; x_wconf 90' lang='lat'>30,</span> <span class='ocrx_word' id='word_1_313' title='bbox 1128 3827 1278 3904; x_wconf 82' lang='lat' dir='ltr'>post</span> <span class='ocrx_word' id='word_1_314' title='bbox 1321 3846 1378 3886; x_wconf 86' lang='lat' dir='ltr'>v.</span> <span class='ocrx_word' id='word_1_315' title='bbox 1426 3822 1512 3887; x_wconf 80' lang='lat'>35</span> <span class='ocrx_word' id='word_1_316' title='bbox 1557 3827 1793 3901; x_wconf 90' lang='lat' dir='ltr'>autem,</span> <span class='ocrx_word' id='word_1_317' title='bbox 1841 3823 1953 3904; x_wconf 91' lang='lat' dir='ltr'>qui</span> <span class='ocrx_word' id='word_1_318' title='bbox 1986 3823 2243 3888; x_wconf 88' lang='lat' dir='ltr'>infimus</span> <span class='ocrx_word' id='word_1_319' title='bbox 2279 3828 2418 3888; x_wconf 90' lang='lat' dir='ltr'>erat</span> <span class='ocrx_word' id='word_1_320' title='bbox 2451 3825 2726 3906; x_wconf 90' lang='lat' dir='ltr'>paginae</span> <span class='ocrx_word' id='word_1_321' title='bbox 2762 3825 2984 3902; x_wconf 88' lang='grc'><strong>1011110,</strong></span> <span class='ocrx_word' id='word_1_322' title='bbox 3031 3847 3087 3887; x_wconf 89' lang='lat' dir='ltr'>v.</span> <span class='ocrx_word' id='word_1_323' title='bbox 3122 3824 3207 3889; x_wconf 85' lang='lat'>36</span> <span class='ocrx_word' id='word_1_324' title='bbox 3238 3824 3656 3889; x_wconf 90' lang='lat' dir='ltr'>subditicium</span> <span class='ocrx_word' id='word_1_325' title='bbox 3687 3826 3754 3889; x_wconf 89' lang='lat' dir='ltr'>in</span> <span class='ocrx_word' id='word_1_326' title='bbox 3786 3823 4033 3891; x_wconf 79' lang='lat' dir='ltr'>inferi(</span> 
     </span>
     <span class='ocr_line' id='line_1_33' title="bbox 860 3925 4033 4010; baseline 0.002 -21"><span class='ocrx_word' id='word_1_327' title='bbox 860 3926 1146 4010; x_wconf 84' lang='lat' dir='ltr'>paginae</span> <span class='ocrx_word' id='word_1_328' title='bbox 1192 3927 1482 4009; x_wconf 83' lang='lat' dir='ltr'>margine</span> <span class='ocrx_word' id='word_1_329' title='bbox 1527 3927 1821 3991; x_wconf 78' lang='lat' dir='ltr'>additum</span> <span class='ocrx_word' id='word_1_330' title='bbox 1865 3948 2026 4004; x_wconf 87' lang='lat' dir='ltr'>esse,</span> <span class='ocrx_word' id='word_1_331' title='bbox 2077 3928 2159 3991; x_wconf 87' lang='lat' dir='ltr'>ut</span> <span class='ocrx_word' id='word_1_332' title='bbox 2203 3928 2276 3993; x_wconf 86' lang='lat' dir='ltr'>et</span> <span class='ocrx_word' id='word_1_333' title='bbox 2319 3926 2707 3992; x_wconf 87' lang='lat' dir='ltr'>exterioris</span> <span class='ocrx_word' id='word_1_334' title='bbox 2754 3927 2826 3991; x_wconf 86' lang='lat' dir='ltr'>et</span> <span class='ocrx_word' id='word_1_335' title='bbox 2860 3925 3235 3992; x_wconf 84' lang='lat' dir='ltr'>inferioris</span> <span class='ocrx_word' id='word_1_336' title='bbox 3266 3928 3617 4008; x_wconf 81' lang='lat' dir='ltr'>marginis</span> <span class='ocrx_word' id='word_1_337' title='bbox 3651 3945 3820 4010; x_wconf 87' lang='lat' dir='ltr'>pars</span> <span class='ocrx_word' id='word_1_338' title='bbox 3856 3926 4033 3994; x_wconf 84' lang='lat' dir='ltr'>litte]</span> 
     </span>
     <span class='ocr_line' id='line_1_34' title="bbox 865 4027 4033 4113; baseline 0.002 -22"><span class='ocrx_word' id='word_1_339' title='bbox 865 4027 1267 4111; x_wconf 78' lang='lat' dir='ltr'>inscriptus</span> <span class='ocrx_word' id='word_1_340' title='bbox 1314 4031 1525 4096; x_wconf 83' lang='lat' dir='ltr'>esset.</span> <span class='ocrx_word' id='word_1_341' title='bbox 1617 4031 1753 4094; x_wconf 91' lang='lat' dir='ltr'>Iam</span> <span class='ocrx_word' id='word_1_342' title='bbox 1817 4053 1963 4095; x_wconf 92' lang='lat' dir='ltr'>cum</span> <span class='ocrx_word' id='word_1_343' title='bbox 2028 4030 2439 4113; x_wconf 90' lang='lat' dir='ltr'>neglegentia</span> <span class='ocrx_word' id='word_1_344' title='bbox 2501 4030 2772 4095; x_wconf 90' lang='lat' dir='ltr'>alicuius</span> <span class='ocrx_word' id='word_1_345' title='bbox 2818 4029 3065 4095; x_wconf 87' lang='lat' dir='ltr'>librarii</span> <span class='ocrx_word' id='word_1_346' title='bbox 3110 4034 3415 4113; x_wconf 90' lang='lat' dir='ltr'>quattuor</span> <span class='ocrx_word' id='word_1_347' title='bbox 3461 4030 3555 4094; x_wconf 90' lang='lat' dir='ltr'>illi</span> <span class='ocrx_word' id='word_1_348' title='bbox 3601 4055 3699 4093; x_wconf 91' lang='lat' dir='ltr'>vv.</span> <span class='ocrx_word' id='word_1_349' title='bbox 3750 4033 3919 4096; x_wconf 77' lang='lat'>6-9</span> <span class='ocrx_word' id='word_1_350' title='bbox 3939 4084 3952 4111; x_wconf 91' lang='lat'>,</span> <span class='ocrx_word' id='word_1_351' title='bbox 4021 4056 4033 4096; x_wconf 69' lang='lat'><strong><em>⁴</em></strong></span> 
     </span>
     <span class='ocr_line' id='line_1_35' title="bbox 870 4132 4033 4217; baseline 0.002 -22"><span class='ocrx_word' id='word_1_352' title='bbox 870 4135 1055 4195; x_wconf 88' lang='lat' dir='ltr'>erant</span> <span class='ocrx_word' id='word_1_353' title='bbox 1099 4136 1250 4216; x_wconf 89' lang='lat' dir='ltr'>post</span> <span class='ocrx_word' id='word_1_354' title='bbox 1292 4156 1349 4196; x_wconf 86' lang='lat' dir='ltr'>v.</span> <span class='ocrx_word' id='word_1_355' title='bbox 1398 4132 1485 4197; x_wconf 90' lang='lat'>30</span> <span class='ocrx_word' id='word_1_356' title='bbox 1529 4134 1878 4212; x_wconf 89' lang='lat' dir='ltr'>scribendi,</span> <span class='ocrx_word' id='word_1_357' title='bbox 1953 4134 2390 4217; x_wconf 87' lang='lat' dir='ltr'>praetermissi</span> <span class='ocrx_word' id='word_1_358' title='bbox 2435 4137 2678 4213; x_wconf 91' lang='lat' dir='ltr'>essent,</span> <span class='ocrx_word' id='word_1_359' title='bbox 2748 4138 2862 4197; x_wconf 89' lang='lat' dir='ltr'>aut</span> <span class='ocrx_word' id='word_1_360' title='bbox 2911 4133 3051 4217; x_wconf 90' lang='lat' dir='ltr'>ipse</span> <span class='ocrx_word' id='word_1_361' title='bbox 3114 4134 3223 4198; x_wconf 88' lang='lat' dir='ltr'>ille</span> <span class='ocrx_word' id='word_1_362' title='bbox 3268 4138 3383 4198; x_wconf 93' lang='lat' dir='ltr'>aut</span> <span class='ocrx_word' id='word_1_363' title='bbox 3428 4135 3757 4217; x_wconf 89' lang='lat' dir='ltr'>proximus</span> <span class='ocrx_word' id='word_1_364' title='bbox 3808 4135 4033 4200; x_wconf 88' lang='lat' dir='ltr'>librari·</span> 
     </span>
     <span class='ocr_line' id='line_1_36' title="bbox 861 4234 4033 4322; baseline 0 -24"><span class='ocrx_word' id='word_1_365' title='bbox 861 4234 984 4316; x_wconf 85' lang='lat' dir='ltr'>qui</span> <span class='ocrx_word' id='word_1_366' title='bbox 1051 4235 1340 4300; x_wconf 89' lang='lat' dir='ltr'>codicem</span> <span class='ocrx_word' id='word_1_367' title='bbox 1409 4257 1863 4317; x_wconf 88' lang='lat' dir='ltr'>recognoscere</span> <span class='ocrx_word' id='word_1_368' title='bbox 1931 4241 1997 4301; x_wconf 90' lang='lat' dir='ltr'>et</span> <span class='ocrx_word' id='word_1_369' title='bbox 2055 4239 2372 4319; x_wconf 87' lang='lat' dir='ltr'>corrigere</span> <span class='ocrx_word' id='word_1_370' title='bbox 2418 4238 2805 4317; x_wconf 89' lang='lat' dir='ltr'>instituerat,</span> <span class='ocrx_word' id='word_1_371' title='bbox 2876 4254 2987 4303; x_wconf 75' lang='lat' dir='ltr'>vv.</span> <span class='ocrx_word' id='word_1_372' title='bbox 3038 4236 3209 4303; x_wconf 84' lang='lat' dir='ltr'>illos</span> <span class='ocrx_word' id='word_1_373' title='bbox 3258 4235 3472 4319; x_wconf 83' lang='lat'>6-9,</span> <span class='ocrx_word' id='word_1_374' title='bbox 3542 4260 3703 4321; x_wconf 90' lang='lat' dir='ltr'>quos</span> <span class='ocrx_word' id='word_1_375' title='bbox 3750 4241 4033 4322; x_wconf 51' lang='lat' dir='ltr'>praeterii</span> 
     </span>
     <span class='ocr_line' id='line_1_37' title="bbox 858 4338 4033 4425; baseline 0.003 -27"><span class='ocrx_word' id='word_1_376' title='bbox 858 4358 1012 4401; x_wconf 75' lang='lat' dir='ltr'>‚esse</span> <span class='ocrx_word' id='word_1_377' title='bbox 1057 4343 1208 4421; x_wconf 88' lang='lat' dir='ltr'>post</span> <span class='ocrx_word' id='word_1_378' title='bbox 1252 4362 1307 4403; x_wconf 87' lang='lat' dir='ltr'>v.</span> <span class='ocrx_word' id='word_1_379' title='bbox 1356 4338 1444 4403; x_wconf 88' lang='lat'>30</span> <span class='ocrx_word' id='word_1_380' title='bbox 1485 4344 1793 4419; x_wconf 88' lang='lat' dir='ltr'>senserat,</span> <span class='ocrx_word' id='word_1_381' title='bbox 1866 4339 2200 4423; x_wconf 88' lang='lat' dir='ltr'>(quoniam</span> <span class='ocrx_word' id='word_1_382' title='bbox 2268 4346 2332 4405; x_wconf 91' lang='grc'>01</span> <span class='ocrx_word' id='word_1_383' title='bbox 2401 4343 2538 4423; x_wconf 91' lang='lat' dir='ltr'>ipse</span> <span class='ocrx_word' id='word_1_384' title='bbox 2597 4340 2705 4404; x_wconf 91' lang='lat' dir='ltr'>ille</span> <span class='ocrx_word' id='word_1_385' title='bbox 2751 4342 2932 4404; x_wconf 86' lang='lat' dir='ltr'>iuxta</span> <span class='ocrx_word' id='word_1_386' title='bbox 2978 4364 3034 4404; x_wconf 87' lang='lat' dir='ltr'>v.</span> <span class='ocrx_word' id='word_1_387' title='bbox 3085 4340 3173 4406; x_wconf 87' lang='lat'>30</span> <span class='ocrx_word' id='word_1_388' title='bbox 3213 4344 3546 4407; x_wconf 89' lang='lat' dir='ltr'>exterioris</span> <span class='ocrx_word' id='word_1_389' title='bbox 3593 4344 3903 4425; x_wconf 87' lang='lat' dir='ltr'>marginis</span> <span class='ocrx_word' id='word_1_390' title='bbox 3950 4342 4033 4407; x_wconf 83' lang='lat' dir='ltr'>lo&lt;</span> 
     </span>
     <span class='ocr_line' id='line_1_38' title="bbox 856 4441 4033 4529; baseline 0.002 -26"><span class='ocrx_word' id='word_1_391' title='bbox 856 4462 1058 4505; x_wconf 55' lang='lat' dir='ltr'>zversu</span> <span class='ocrx_word' id='word_1_392' title='bbox 1123 4441 1206 4506; x_wconf 85' lang='lat'>31</span> <span class='ocrx_word' id='word_1_393' title='bbox 1277 4446 1341 4507; x_wconf 90' lang='lat' dir='ltr'>et</span> <span class='ocrx_word' id='word_1_394' title='bbox 1406 4442 1667 4506; x_wconf 88' lang='lat' dir='ltr'>inferior</span> <span class='ocrx_word' id='word_1_395' title='bbox 1733 4444 2010 4526; x_wconf 89' lang='lat' dir='ltr'>paginae</span> <span class='ocrx_word' id='word_1_396' title='bbox 2076 4464 2300 4525; x_wconf 90' lang='lat' dir='ltr'>margo</span> <span class='ocrx_word' id='word_1_397' title='bbox 2370 4468 2427 4507; x_wconf 86' lang='lat' dir='ltr'>v.</span> <span class='ocrx_word' id='word_1_398' title='bbox 2476 4445 2560 4507; x_wconf 89' lang='lat'>36</span> <span class='ocrx_word' id='word_1_399' title='bbox 2628 4447 2767 4508; x_wconf 90' lang='lat' dir='ltr'>erat</span> <span class='ocrx_word' id='word_1_400' title='bbox 2829 4442 3207 4528; x_wconf 92' lang='lat' dir='ltr'>occupatus)</span> <span class='ocrx_word' id='word_1_401' title='bbox 3255 4446 3322 4509; x_wconf 91' lang='lat' dir='ltr'>in</span> <span class='ocrx_word' id='word_1_402' title='bbox 3369 4444 3802 4529; x_wconf 81' lang='lat' dir='ltr'>superiore*)</span> <span class='ocrx_word' id='word_1_403' title='bbox 3851 4445 4033 4528; x_wconf 80' lang='lat' dir='ltr'>pagir.</span> 
     </span>
    </p>
   </div>
   <div class='ocr_carea' id='block_1_9' title="bbox 869 4593 1274 4605">
    <p class='ocr_par' dir='ltr' id='par_1_9' title="bbox 869 4593 1274 4605">
     <span class='ocr_line' id='line_1_39' title="bbox 869 4593 1274 4605; baseline 0 856"><span class='ocrx_word' id='word_1_404' title='bbox 869 4593 1274 4605; x_wconf 95' lang='lat' dir='ltr'> </span> 
     </span>
    </p>
   </div>
   <div class='ocr_carea' id='block_1_10' title="bbox 1176 4677 4033 4819">
    <p class='ocr_par' dir='ltr' id='par_1_10' title="bbox 1176 4677 4033 4819">
     <span class='ocr_line' id='line_1_40' title="bbox 1176 4677 4033 4748; baseline 0.002 -18"><span class='ocrx_word' id='word_1_405' title='bbox 1176 4678 1228 4746; x_wconf 86' lang='grc'>*)</span> <span class='ocrx_word' id='word_1_406' title='bbox 1276 4678 1461 4731; x_wconf 87' lang='lat' dir='ltr'>Etiam</span> <span class='ocrx_word' id='word_1_407' title='bbox 1515 4678 1572 4729; x_wconf 90' lang='lat' dir='ltr'>in</span> <span class='ocrx_word' id='word_1_408' title='bbox 1621 4677 1998 4744; x_wconf 77' lang='lat' dir='ltr'>palimpsestis</span> <span class='ocrx_word' id='word_1_409' title='bbox 2054 4677 2360 4743; x_wconf 84' lang='lat' dir='ltr'>Plautinis,</span> <span class='ocrx_word' id='word_1_410' title='bbox 2414 4680 2510 4742; x_wconf 86' lang='lat' dir='ltr'>qui</span> <span class='ocrx_word' id='word_1_411' title='bbox 2569 4681 2627 4733; x_wconf 91' lang='lat' dir='ltr'>in</span> <span class='ocrx_word' id='word_1_412' title='bbox 2678 4683 3196 4748; x_wconf 85' lang='lat' dir='ltr'>antiquissimorum</span> <span class='ocrx_word' id='word_1_413' title='bbox 3249 4683 3504 4736; x_wconf 88' lang='lat' dir='ltr'>codicum</span> <span class='ocrx_word' id='word_1_414' title='bbox 3561 4682 3891 4735; x_wconf 88' lang='lat' dir='ltr'>Latinorum</span> <span class='ocrx_word' id='word_1_415' title='bbox 3954 4698 4033 4735; x_wconf 74' lang='grc'><strong>1110</strong></span> 
     </span>
     <span class='ocr_line' id='line_1_41' title="bbox 1277 4746 4033 4819; baseline 0.001 -20"><span class='ocrx_word' id='word_1_416' title='bbox 1277 4747 1613 4813; x_wconf 86' lang='lat' dir='ltr'>scriptorum</span> <span class='ocrx_word' id='word_1_417' title='bbox 1651 4761 1883 4798; x_wconf 89' lang='lat' dir='ltr'>numero</span> <span class='ocrx_word' id='word_1_418' title='bbox 1918 4746 2214 4810; x_wconf 87' lang='lat' dir='ltr'>habentur,</span> <span class='ocrx_word' id='word_1_419' title='bbox 2250 4747 2308 4798; x_wconf 92' lang='lat' dir='ltr'>in</span> <span class='ocrx_word' id='word_1_420' title='bbox 2347 4749 2699 4815; x_wconf 89' lang='lat' dir='ltr'>superiorep</span> <span class='ocrx_word' id='word_1_421' title='bbox 2665 4750 2902 4817; x_wconf 84' lang='lat' dir='ltr'>paginae</span> <span class='ocrx_word' id='word_1_422' title='bbox 2934 4752 3037 4805; x_wconf 87' lang='lat'>433</span> <span class='ocrx_word' id='word_1_423' title='bbox 3073 4753 3324 4819; x_wconf 86' lang='lat' dir='ltr'>margine</span> <span class='ocrx_word' id='word_1_424' title='bbox 3361 4753 3473 4803; x_wconf 88' lang='lat' dir='ltr'>tres</span> <span class='ocrx_word' id='word_1_425' title='bbox 3506 4750 3818 4808; x_wconf 82' lang='lat' dir='ltr'>tetrametri</span> <span class='ocrx_word' id='word_1_426' title='bbox 3850 4751 4033 4803; x_wconf 79' lang='lat' dir='ltr'>trocha</span> 
     </span>
    </p>
   </div>
   <div class='ocr_carea' id='block_1_11' title="bbox 1273 4810 4033 4949">
    <p class='ocr_par' dir='ltr' id='par_1_11' title="bbox 1273 4810 4033 4949">
     <span class='ocr_line' id='line_1_42' title="bbox 1273 4810 4033 4949; baseline 0.001 -82"><span class='ocrx_word' id='word_1_427' title='bbox 1273 4814 1445 4949; x_wconf 36' lang='grc' dir='ltr'>ἓξὲξ.</span> <span class='ocrx_word' id='word_1_428' title='bbox 1449 4814 1586 4935; x_wconf 57' lang='lat' dir='ltr'>llogr1</span> <span class='ocrx_word' id='word_1_429' title='bbox 1590 4814 1729 4946; x_wconf 58' lang='grc' dir='ltr'>7Πὲ</span> <span class='ocrx_word' id='word_1_430' title='bbox 1754 4813 2136 4935; x_wconf 57' lang='lat' dir='ltr'>1i8194—196)</span> <span class='ocrx_word' id='word_1_431' title='bbox 2190 4813 2369 4868; x_wconf 84' lang='lat' dir='ltr'>additi</span> <span class='ocrx_word' id='word_1_432' title='bbox 2427 4820 2573 4868; x_wconf 85' lang='lat' dir='ltr'>sunt.</span> <span class='ocrx_word' id='word_1_433' title='bbox 2670 4818 2737 4870; x_wconf 84' lang='lat' dir='ltr'>cf.</span> <span class='ocrx_word' id='word_1_434' title='bbox 2786 4817 2844 4871; x_wconf 88' lang='lat' dir='ltr'>C.</span> <span class='ocrx_word' id='word_1_435' title='bbox 2884 4818 2943 4871; x_wconf 88' lang='lat' dir='ltr'>E.</span> <span class='ocrx_word' id='word_1_436' title='bbox 2982 4818 3224 4886; x_wconf 84' lang='lat' dir='ltr'>Geppert</span> <span class='ocrx_word' id='word_1_437' title='bbox 3282 4810 3455 4884; x_wconf 79' lang='lat' dir='ltr'>„Uber</span> <span class='ocrx_word' id='word_1_438' title='bbox 3509 4818 3618 4872; x_wconf 87' lang='lat' dir='ltr'>den</span> <span class='ocrx_word' id='word_1_439' title='bbox 3676 4818 3806 4872; x_wconf 90' lang='lat' dir='ltr'>Cod.</span> <span class='ocrx_word' id='word_1_440' title='bbox 3866 4818 4033 4872; x_wconf 88' lang='lat' dir='ltr'>Ambr</span> 
     </span>
    </p>
   </div>
   <div class='ocr_carea' id='block_1_12' title="bbox 3791 4991 3828 5041">
    <p class='ocr_par' dir='ltr' id='par_1_12' title="bbox 3791 4991 3828 5041">
     <span class='ocr_line' id='line_1_43' title="bbox 3791 4991 3828 5041; baseline 0 0"><span class='ocrx_word' id='word_1_441' title='bbox 3791 4991 3828 5041; x_wconf 91' lang='lat'><strong>3</strong></span> 
     </span>
    </p>
   </div>
  </div>
 </body>
</html>
