4257 5461
1965 502 2045 565 10

1778 708 2101 772 incutiunt
2146 706 2323 770 urbis
2371 706 2758 772 desiderium
2803 706 2991 771 video
3036 711 3101 770 et
3142 706 3315 789 quod

1778 808 2081 890 angulus
2127 807 2269 873 iste
2315 808 2476 873 feret
2519 810 2699 892 piper
2744 813 2810 873 et
2851 813 2958 874 tus
3005 810 3184 875 ocius
3230 833 3375 890 uva,

1775 933 1892 976 nec
1938 913 2151 976 vicina
2195 913 2420 977 subest
2463 914 2683 976 vinum
2730 914 3030 995 praebere
3074 914 3345 979 taberna

1550 1013 1702 1129 125.
1774 1037 1940 1097 quae
1985 1016 2194 1098 possit
2238 1015 2379 1095 tibi,
2426 1035 2544 1079 nec
2589 1016 2890 1079 meretrix
2933 1016 3202 1081 tibicina
3246 1018 3429 1084 cuius

1772 1117 1855 1180 ad
1886 1119 2228 1200 strepitum
2261 1117 2460 1183 salias
2489 1122 2697 1182 terrae
2730 1119 2984 1198 gravis;
3031 1122 3097 1182 et
3126 1123 3346 1186 tamen
3377 1137 3644 1202 urgues

1770 1218 1916 1284 iam
1959 1219 2241 1301 pridem
2284 1236 2427 1285 non
2470 1220 2670 1285 tacta
2700 1219 3028 1301 ligonibus
3062 1243 3234 1301 arva,
3281 1222 3640 1306 bovemque

1770 1321 2163 1387 disiunctum
2206 1345 2393 1389 curas
2439 1328 2505 1388 et
2547 1320 2833 1389 strictis
2879 1320 3248 1390 frondibus
3294 1325 3570 1410 exples;

1771 1424 1951 1488 addit
1999 1441 2177 1515 opus
2223 1424 2435 1509 pigro
2480 1426 2676 1506 rivus,
2723 1422 2781 1491 si
2827 1426 3067 1491 decidit
3111 1428 3331 1508 imber,

1596 1526 1684 1592 30
1769 1527 1973 1591 multa
2019 1528 2188 1591 mole
2233 1529 2558 1593 docendus
2604 1531 2822 1612 aprico
2868 1551 3126 1613 parcere
3173 1536 3375 1613 prato.

1642 1631 1683 1694 6
1770 1630 1891 1695 ΜΕ
1937 1632 2234 1710 quamvis
2279 1631 2543 1695 Lamiae
2591 1634 2798 1714 pietas
2846 1637 2910 1697 et
2955 1654 3106 1696 cura
3154 1637 3440 1699 moratur

1646 1732 1704 1794 7.
1775 1730 2038 1795 fratrem
2082 1733 2447 1813 maerentis,
2496 1739 2682 1818 rapto
2730 1732 2808 1798 de
2849 1736 3045 1800 fratre
3092 1736 3369 1801 dolentis

1640 1834 1699 1897 8.
1774 1833 2222 1914 insolabiliter,
2267 1838 2485 1899 tamen
2532 1837 2722 1902 istuc
2767 1860 2946 1902 mens
2994 1839 3374 1921 animusque

1639 1938 1697 2001 9.
1767 1937 1893 2001 fert
1937 1942 2002 2001 et
2046 1942 2196 2002 avet
2239 1940 2471 2021 spatiis
2518 1939 2849 2005 obstantia
2893 1964 3183 2025 rumpere
3227 1942 3524 2008 claustra.

2137 2039 2390 2121 („avet“
2444 2041 2589 2123 lego
2635 2065 2750 2127 pro
2803 2046 3051 2125 „amat“
3102 2067 3248 2110 cum
3293 2044 3632 2129 Bentleio.)

1600 2140 1682 2222 (v.
1731 2141 1812 2204 31
1864 2141 2110 2206 deletus
2158 2141 2305 2224 est.)

368 1737 711 1806 Tractatio.
739 1740 1173 1821 Ausfiihrung.

1596 2245 1698 2309 32.
1771 2245 1971 2322 Quem
2017 2251 2243 2310 tenues
2289 2246 2555 2310 decuere
2601 2251 2795 2329 togae
2840 2250 3158 2332 nitidique
3203 2251 3439 2335 capilli,

1767 2366 1957 2429 quem
2004 2350 2132 2413 scis
2178 2351 2524 2413 immunem
2570 2348 2840 2415 Cinarae
2886 2351 3206 2435 placuisse
3251 2356 3490 2439 rapaci,

1768 2468 1959 2533 quem
2006 2452 2296 2515 bibulum
2344 2451 2571 2532 liquidi
2618 2453 2831 2517 media
2878 2455 2956 2518 de
3001 2456 3143 2521 luce
3188 2458 3464 2538 Falerni,

1595 2554 1697 2620 35.
1771 2576 1929 2619 cena
1974 2556 2187 2619 brevis
2232 2557 2415 2620 iuvat
2458 2560 2522 2619 et
2556 2578 2751 2639 prope
2787 2559 2992 2624 rivum
3027 2582 3290 2626 somnus
3318 2562 3385 2625 in
3417 2561 3638 2626 herba.

1598 2660 1681 2742 (v.
1726 2658 1810 2724 36
1857 2659 2106 2723 deletus
2155 2658 2301 2744 est.)

1594 2764 1696 2828 37.
1769 2765 1913 2828 Non
1960 2765 2133 2829 istic
2179 2764 2441 2846 obliquo
2488 2763 2674 2828 oculo
2720 2786 2864 2830 mea
2910 2766 3246 2829 commoda
3291 2767 3640 2847 quisquam

1769 2868 1971 2945 limat,
2018 2890 2146 2931 non
2193 2867 2342 2932 odio
2389 2867 2662 2932 obscuro
2707 2887 3050 2949 morsuque
3098 2872 3391 2948 venenat,

1550 2970 1572 3068 ι
1768 2971 1978 3035 rident
2025 2973 2219 3035 vicini
2265 2970 2530 3053 glaebas
2577 2974 2643 3034 et
2688 2992 2849 3034 saxa
2889 2975 3268 3035 moventem.

1599 3092 1700 3155 40.
1774 3091 1934 3156 Cum
1982 3093 2184 3156 servis
2228 3092 2477 3155 urbana
2523 3091 2730 3154 diaria
2775 3091 2996 3155 rodere
3042 3092 3267 3171 maviS,

1772 3196 1996 3259 horum
2043 3201 2117 3258 tu
2158 3197 2225 3258 in
2268 3216 2601 3258 numerum
2648 3198 2798 3258 voto
2844 3196 3013 3273 ruis3
3074 3195 3319 3259 invidet
3362 3217 3552 3260 usum

1770 3298 2087 3380 lignorum
2133 3302 2198 3362 et
2244 3299 2491 3381 pecoris
2535 3298 2657 3361 tibi
2704 3297 2845 3361 calo
2893 3304 3161 3380 argutus
3207 3302 3272 3361 et
3319 3298 3505 3362 horti.

1771 3400 1970 3484 Optat
2015 3403 2319 3485 ephippia
2367 3402 2481 3466 bos
2529 3403 2728 3485 piger,
2778 3406 2963 3484 optat
3007 3424 3188 3466 arare
3235 3401 3562 3481 caballus;

1595 3505 1697 3568 44.
1768 3523 1961 3585 quam
2009 3508 2133 3569 scit
2177 3511 2443 3586 uterque
2486 3504 2693 3569 libens
2751 3504 3024 3569 censebo
3070 3509 3366 3569 exerceat
3409 3509 3636 3569 artem.

718 3266 839 3306 von
891 3242 930 3306 5
976 3244 1210 3308 Versen

580 3347 727 3429 (wie
774 3348 875 3411 die
922 3347 1342 3432 Einleitung.)

538 3138 898 3204 Conclusio.
991 3139 1388 3206 Schluss

1539 3152 1572 3548 l

671 3625 892 3688 Lectio
922 3641 1087 3705 quae
1119 3625 1277 3688 mihi
1311 3624 1566 3707 placeat
1598 3625 1844 3704 videte3
1892 3648 2061 3689 nunc
2096 3647 2494 3709 exponamus
2526 3646 2638 3689 cur
2669 3625 2962 3689 codicum
2998 3626 3248 3706 vulgari
3278 3625 3634 3707 scripturae

369 3728 785 3812 praeferenda
832 3730 936 3793 sit.
1027 3728 1227 3793 Cuius
1274 3729 1533 3808 quidem
1579 3731 1669 3793 rei
1718 3751 1951 3793 causae
2000 3733 2152 3793 sunt
2197 3730 2391 3794 duae:
2462 3751 2591 3793 una
2650 3730 2824 3809 quod
2883 3752 2963 3793 ex
3027 3750 3194 3794 nova
3256 3729 3377 3792 hac
3435 3745 3627 3807 quam

367 3832 559 3896 modo
606 3836 755 3896 aute
804 3832 1025 3896 oculos
1072 3834 1375 3915 proposui
1420 3832 1625 3897 forma
1673 3833 1990 3916 epistulae
2037 3855 2255 3897 verum
2302 3838 2751 3915 argumentum
2781 3838 2845 3897 et
2877 3856 3129 3897 summa
3160 3834 3394 3897 clarius
3421 3830 3630 3894 elucet

368 3935 750 4016 faciliusque
795 3935 1197 4015 enucleatur,
1263 3937 1467 4001 altera
1513 3937 1687 4018 quod
1732 3958 1808 4001 ea
1856 3939 2049 4000 etiam
2096 3936 2497 4018 singularum
2542 3958 2751 4000 rerum
2798 3942 3138 4002 contextus
3185 3941 3250 4001 et
3293 3935 3636 4000 verborum

367 4040 762 4122 perpetuitas
809 4046 977 4105 recte
1024 4044 1088 4103 et
1134 4041 1381 4104 ratione
1428 4040 1871 4124 disponuntur.

672 4144 762 4206 Ac
809 4143 886 4207 de
933 4147 1311 4224 argumento
1358 4161 1735 4224 summaque
1781 4145 1982 4207 totius
2030 4143 2346 4226 epistulae
2389 4143 2575 4206 initio
2620 4142 2911 4224 quidem,
2981 4147 3054 4205 ut
3118 4147 3336 4227 aperte
3398 4142 3631 4220 dicam,

369 4247 480 4310 diu
547 4244 923 4309 dubitabam
980 4264 1182 4327 eoque
1240 4248 1449 4328 magis
1517 4264 1646 4326 quo
1709 4247 2083 4327 diligentius
2147 4247 2303 4327 quid
2371 4247 2525 4310 viris
2582 4246 2790 4311 doctis
2836 4247 3116 4329 placeret
3161 4245 3633 4330 perlustrabam

368 4350 602 4413 animo,
695 4347 973 4411 Tantum
1034 4351 1203 4413 enim
1259 4350 1445 4414 abest
1511 4355 1581 4414 ut
1636 4351 1805 4414 idem
1866 4351 1995 4414 fere
2058 4351 2379 4428 sentiant,
2449 4354 2523 4414 ut
2584 4372 2767 4414 suam
2812 4350 3084 4431 quisque
3124 4351 3511 4415 sententiam
3554 4368 3636 4411 ac

368 4453 690 4536 propriam
738 4452 987 4534 aperiat
1032 4456 1097 4515 et
1141 4452 1267 4517 sibi
1312 4455 1450 4536 ipse
1518 4453 1802 4536 plaudat.
1895 4451 2132 4518 Acron
2154 4500 2178 4535 ,
2244 4458 2318 4518 ut
2373 4477 2453 4518 ex
2517 4451 2968 4518 innumerabili
3025 4453 3155 4517 fere
3212 4452 3634 4534 interpretum

368 4555 780 4619 multitudine
814 4574 1054 4635 paucos
1088 4555 1344 4637 eligam,
1392 4557 1476 4620 ad
1521 4558 1785 4621 verbum
1839 4557 2097 4637 „vilice“
2151 4558 2519 4621 annotavit:
2574 4556 2909 4637 „Castigat
2938 4556 3198 4619 vilicum
3233 4577 3420 4618 suum
3450 4554 3627 4637 quod

369 4659 463 4722 illi
527 4679 681 4740 ager
745 4661 1004 4725 sordeat
1069 4678 1258 4740 quem
1320 4661 1604 4741 quinque
1650 4659 2000 4741 aliquando
2061 4661 2484 4743 possederunt
2511 4659 2914 4724 -senatores.“
2965 4657 3035 4740 (l)
3123 4656 3637 4739 Porphyriont

376 4761 511 4841 „Ad
571 4761 831 4826 vilicum
898 4785 1087 4828 suum
1156 4762 1321 4827 hanc
1367 4763 1711 4846 epistulam
1757 4763 2034 4846 scripsit,
2100 4766 2166 4827 in
2214 4783 2343 4845 qua
2410 4765 2535 4828 ait:
2611 4783 2863 4826 omnem
2934 4760 3256 4825 hominem
3320 4762 3636 4825 vitiosum

371 4864 727 4930 voluntatis
773 4887 927 4930 suae
974 4866 1275 4948 poenitet.
1369 4866 1575 4932 Simul
1622 4870 1955 4949 comparat
2000 4889 2067 4931 se
2113 4872 2179 4931 et
2224 4867 2407 4931 illum
2453 4865 2710 4932 satirioe
2751 4881 3064 4946 quaerens
3097 4869 3239 4928 uter
3272 4865 3443 4947 prior
3476 4863 3627 4927 sit.“
