4257 5461
1990 417 2073 481 16

577 630 756 708 Quae
800 627 1121 694 antitheta
1166 630 1319 692 sunt
1361 629 1670 709 quattuor
1714 644 1979 688 numero
2044 620 2173 704 (vv.
2221 621 2444 701 14117;
2512 646 2610 687 vv.
2662 624 2880 711 181193
2940 648 3039 689 vv.
3093 624 3304 703 191213
3372 649 3430 690 v,
3479 623 3675 692 21130

576 730 666 816 4-
711 731 814 799 619
858 728 947 815 —†-
992 730 1182 797 32139
1202 728 1264 810 ;).
1379 729 1597 794 Primo
1657 725 1977 792 antitheto
2041 726 2210 789 inter
2265 748 2334 790 se
2396 733 2807 811 opponuntur
2871 728 3045 793 vilici
3109 728 3287 794 urbis
3347 731 3672 815 cupiditas

576 840 822 903 incerta
867 841 1061 919 atque
1108 835 1484 897 inconstans
1529 834 1595 896 et
1638 831 1868 895 Horati
1913 829 2078 894 ruris
2122 850 2305 894 amor
2335 834 2560 894 ‘certus
2607 852 2682 895 ac
2728 836 3054 910 constans,
3119 832 3323 897 altero
3368 837 3436 897 et
3478 835 3666 900 tertio

573 940 792 1022 agitur
837 938 916 1002 de
961 957 1157 1001 causa
1205 935 1395 999 huius
1440 932 1912 1016 discrepantiae
1955 953 2123 1015 quae
2169 933 2414 996 oriatur
2458 955 2498 997 a
2542 935 2865 998 contrario
2927 935 3260 1017 utriusque
3321 933 3462 1018 (aut
3506 938 3670 1003 ruris

575 1048 690 1109 aut
734 1042 941 1124 urbis)
1006 1039 1257 1115 studim
1325 1040 1557 1120 quarto
1621 1035 1940 1101 antitheto
2003 1041 2415 1119 opponuntur
2473 1036 2723 1101 duobus
2768 1037 2944 1100 vilici
2992 1038 3167 1101 vitiis
3219 1038 3388 1103 duae
3442 1040 3670 1105 Horati

576 1146 867 1225 virtutes,
915 1166 996 1208 ex
1040 1141 1276 1226 quibus
1320 1143 1394 1204 ut
1438 1139 1753 1222 principio
1798 1161 1875 1203 ac
1918 1138 2096 1203 fonte
2141 1142 2359 1202 manet
2402 1142 2467 1202 et
2513 1138 2686 1202 vilici
2717 1138 2894 1203 urbis
2925 1139 3313 1206 desiderium
3345 1147 3411 1207 et
3443 1142 3670 1209 Horati

577 1251 743 1314 ruris
787 1268 986 1312 amor.
1076 1245 1249 1309 Vitia
1294 1242 1407 1307 illa
1454 1246 1606 1307 sunt
1644 1242 1846 1306 libido
1890 1242 2152 1306 sordida
2201 1240 2326 1325 (vv.
2394 1240 2746 1325 ’[,21-26)
2794 1246 2858 1305 et
2903 1243 3166 1325 pigritia
3200 1242 3327 1327 (vv.
3364 1245 3668 1333 26—30)‚

575 1350 699 1416 hae
760 1350 1032 1414 virtutes
1090 1347 1516 1430 temperantia
1581 1344 1706 1429 (vv.
1755 1344 2039 1427 32-35)
2103 1351 2170 1409 et
2224 1346 2424 1409 animi
2479 1344 2811 1427 tranquilli
2857 1346 3144 1411 studium
3189 1345 3316 1429 (vv.
3362 1349 3668 1433 37-39).

578 1454 762 1532 Quod
806 1452 1172 1517 antitheton
1217 1449 1536 1533 oppositis
1581 1449 2068 1532 pronominibus
2113 1448 2434 1513 secundae
2479 1453 2545 1513 et
2592 1451 2833 1532 primae
2880 1470 3149 1532 persone
3195 1451 3362 1516 male
3407 1458 3670 1533 careret,

575 1559 705 1624 nisi
750 1581 847 1622 vv.
898 1558 939 1620 6
960 1558 1067 1619 -9
1115 1559 1262 1637 post
1306 1577 1363 1617 v.
1410 1552 1498 1618 30
1538 1553 1919 1635 transpositi
1955 1556 2191 1631 essent,
2231 1556 2304 1615 ut
2337 1553 2699 1636 pronomini
2750 1551 2942 1632 „tibi“
2997 1552 3082 1633 (v.
3117 1552 3228 1636 21)
3260 1555 3674 1638 responderet

575 1683 925 1746 pronomen
978 1659 1150 1738 „me“
1206 1658 1290 1739 (v.
1339 1656 1427 1738 6).
1520 1657 1619 1719 Ita
1664 1679 1763 1719 vv.
1812 1657 1984 1720 6-9
2006 1705 2021 1734 ,
2087 1677 2250 1738 quos
2316 1659 2465 1739 post
2506 1679 2562 1719 v.
2612 1655 2654 1719 5
2700 1678 3209 1738 supervacaneos
3255 1662 3321 1722 et
3364 1658 3670 1725 molestos

574 1787 716 1831 esse
772 1787 967 1847 supra
1028 1760 1335 1844 exposui,
1406 1760 1906 1823 concinnitatem
1966 1758 2087 1823 hoc
2153 1760 2293 1823 loco
2354 1758 2667 1823 adiuvant
2735 1763 2799 1823 et
2845 1762 2993 1842 post
3037 1760 3320 1843 amplam
3365 1761 3548 1826 illam
3594 1763 3671 1828 de

574 1867 750 1932 vilici
796 1867 974 1930 vitiis
1038 1864 1372 1947 periodum
1432 1863 1673 1946 optime
1732 1864 1816 1927 ad
1862 1864 2091 1927 Horati
2155 1865 2427 1927 virtutes
2481 1862 2854 1941 traducunt,
2924 1886 2964 1926 a
3029 1865 3264 1946 quibus
3329 1872 3672 1950 perpetuus

574 1970 682 2035 ille
728 1971 893 2035 ruris
939 1989 1148 2045 amor,
1214 1966 1293 2031 de
1338 1986 1466 2048 quo
1513 1970 1666 2031 sunt
1709 1966 1778 2030 hi
1824 1989 2046 2030 versus
2096 1965 2165 2047 (6
2180 1966 2357 2048 -9),
2419 1966 2802 2049 repetendus
2848 1972 2966 2029 est.
3056 1967 3188 2031 Nec
3230 1971 3443 2034 minus
3488 1992 3564 2034 ea
3609 1993 3674 2035 re

576 2073 768 2137 huius
816 2072 940 2136 loci
982 2072 1078 2135 vis
1126 2071 1446 2135 contraria
1493 2074 1559 2134 et
1604 2071 2006 2134 concinnitas
2053 2074 2359 2150 augetur,
2424 2069 2597 2152 quod
2644 2092 2725 2133 ex
2770 2092 2868 2132 vv.
2919 2068 3109 2136 2113Ο
3152 2070 3390 2152 elucet,
3452 2094 3566 2139 cur
3611 2076 3677 2139 in

577 2176 800 2240 urbem
861 2176 1065 2240 redire
1129 2178 1320 2239 aveat
1367 2170 1679 2255 (21-26)
1742 2176 1806 2235 et
1870 2174 1999 2236 ruri
2063 2194 2176 2237 cur
2238 2195 2494 2237 manere
2557 2172 2722 2236 nolit
2768 2170 3078 2254 (26-30)
3126 2173 3382 2255 vilicus,
3448 2199 3530 2241 ex
3575 2202 3673 2242 vv.

578 2279 679 2347 619
712 2275 801 2360 -†-
831 2276 1043 2356 32139,
1077 2277 1385 2341 Horatius
1414 2298 1527 2339 cur
1556 2275 1623 2338 in
1656 2276 1811 2340 urbe
1846 2277 1973 2339 nisi
2004 2281 2268 2340 coactus
2301 2298 2441 2341 esse
2473 2297 2589 2339 nec
2623 2278 2832 2357 possit
2862 2298 2979 2339 nec
3010 2277 3165 2342 velit
3195 2276 3326 2361 (619
3347 2276 3436 2363 -1-
3458 2282 3674 2365 32134)

578 2387 644 2447 et
687 2406 799 2447 cur
843 2381 1067 2446 villam
1112 2402 1297 2444 suam
1343 2379 1487 2443 urbi
1533 2378 1722 2460 longe
1767 2383 2122 2462 anteponat
2162 2379 2492 2461 (35-39).
2586 2381 2685 2443 Ita
2712 2381 2788 2444 fit
2819 2384 2890 2443 ut
2924 2400 3036 2462 per
3063 2381 3423 2448 chiasmum
3454 2408 3676 2451 versus

578 2485 767 2551 21126
810 2484 1246 2567 respondeant
1287 2482 1577 2547 versibus
1622 2479 1833 2562 35139,
1882 2504 2104 2547 versus
2153 2481 2342 2548 2613Ο
2385 2483 2678 2547 versibus
2726 2481 2827 2549 619
2871 2479 2958 2566 -1-
3003 2478 3209 2549 32134.

403 2605 533 2671 Vv.
581 2604 881 2671 40-44
946 2609 1096 2670 sunt
1171 2602 1537 2669 conclusio
1614 2604 1947 2686 epistulae.
2072 2604 2434 2669 Cohaerent
2512 2607 2847 2687 aptissime
2927 2628 3072 2669 cum
3147 2608 3675 2673 antecedentibus

577 2711 869 2776 versibus
929 2715 993 2775 et
1047 2713 1254 2774 totam
1318 2707 1664 2791 epistulam
1725 2707 2051 2790 praeclare
2118 2707 2204 2771 ad
2272 2709 2461 2773 finem
2511 2709 2898 2791 perducunt,
2964 2732 3109 2774 cum
3156 2709 3437 2775 stultitia
3480 2711 3676 2791 vilici,

578 2836 742 2896 quae
787 2814 1173 2878 tractatione
1218 2812 1657 2876 demonstrata
1705 2815 1837 2890 est,
1901 2812 2202 2894 opposita
2259 2812 2504 2876 calonis
2552 2814 2766 2894 arguti
2811 2813 3169 2878 calliditate
3216 2811 3342 2896 (vv
3390 2815 3675 2899 40-42)

578 2917 805 2982 acerbe
850 2917 1205 2982 illustretur
1251 2919 1315 2979 et
1359 2915 1604 2979 ultimis
1652 2914 1903 2979 duobus
1949 2936 2047 2978 vv.
2101 2913 2346 2997 (43144)
2395 2918 2698 2980 acerrime
2743 2918 3063 2981 reiciatur.

712 3055 831 3119 Cui
877 3077 1087 3119 rerum
1132 3054 1458 3119 artissimo
1504 3053 1837 3117 contextui
1882 3053 2081 3116 etiam
2143 3052 2479 3117 verborum
2536 3054 2930 3136 perpetuitas
2985 3055 3267 3138 undique
3311 3058 3666 3142 respondet,

405 3159 632 3225 adiuta
678 3159 954 3223 maxime
1002 3159 1509 3239 conservataque
1552 3156 1876 3238 perpetuis
1923 3154 2055 3219 illis
2101 3154 2402 3238 deinceps
2448 3158 2805 3236 antithetis,
2853 3180 3018 3240 quae
3049 3180 3089 3221 a
3123 3160 3328 3240 primo
3361 3161 3670 3243 epistulae

406 3284 597 3327 versu
642 3283 844 3344 usque
891 3261 973 3325 ad
1021 3260 1498 3326 conclusionem
1545 3261 1883 3342 pertinent.

713 3401 921 3482 Atque
994 3420 1141 3462 cum
1207 3397 1328 3461 hoc
1390 3395 1606 3460 lucido
1672 3417 1883 3460 rerum
1950 3396 2414 3480 verborumque
2475 3399 2697 3462 ordine
2764 3403 2827 3462 et
2890 3420 3142 3464 conexu
3185 3401 3348 3464 mira
3390 3398 3667 3483 partium

406 3503 853 3569 convenientia
897 3506 963 3566 et
1008 3505 1163 3583 apta
1208 3501 1639 3566 membrorum
1683 3501 2067 3583 compositio
2114 3507 2511 3582 congruunt3
2582 3524 2732 3566 nam
2789 3500 3168 3567 exordium
3222 3507 3288 3567 et
3349 3501 3675 3568 conclusio

404 3610 559 3673 sunt
627 3628 924 3671 versuum
991 3605 1333 3687 quinorum
1403 3602 1619 3687 (1-5,
1687 3603 1971 3685 40-44)
1992 3655 2007 3683 ,
2077 3606 2191 3687 qui
2261 3609 2413 3669 sunt
2476 3628 2557 3669 ex
2624 3607 2825 3670 ternis
2892 3611 3086 3688 atque
3151 3607 3320 3671 binis
3386 3605 3676 3671 versibus

405 3711 750 3794 compositi
821 3706 950 3792 (113
1014 3704 1103 3791 -l-
1173 3708 1307 3796 4¹53
1377 3699 1565 3773 40142
1631 3704 1720 3789 -†-
1790 3705 2036 3790 43144);
2113 3707 2525 3789 propositio
2603 3731 2730 3773 uno
2805 3732 2993 3774 versu
3067 3709 3205 3792 (10)
3281 3711 3673 3787 continetur3

406 3812 756 3879 tractatio
805 3834 1104 3878 versuum
1163 3813 1397 3894 viginti
1458 3816 1605 3878 octo
1669 3813 1737 3876 in
1793 3814 2009 3894 partes
2067 3815 2378 3894 quattuor
2440 3812 2751 3878 dividitur
2772 3865 2787 3892 ,
2847 3835 3119 3895 quarum
3165 3814 3353 3878 binae
3398 3814 3567 3878 inter
3611 3835 3679 3877 se

403 3920 562 3982 sunt
626 3938 819 4000 prope
881 3916 1211 3999 aequales,
1280 3937 1427 3981 cum
1486 3918 1731 4000 priores
1793 3916 1957 3979 duae
2011 3919 2229 3998 partes
2276 3918 2573 3980 constent
2631 3939 2711 3980 ex
2754 3939 2855 3980 vv.
2904 3921 3208 4000 quattuor
3253 3914 3569 3999 (14-17)
3616 3920 3683 3981 et

405 4019 617 4085 tribus
663 4025 728 4084 et
773 4020 1041 4086 dimidio
1088 4016 1284 4101 (18-
1308 4018 1512 4103 ·l‚21)‚
1563 4019 1950 4103 posteriores
1999 4018 2164 4082 duae
2210 4040 2292 4083 ex
2334 4041 2435 4082 vv.
2484 4041 2715 4085 novem
2759 4024 2825 4083 et
2866 4020 3133 4085 dimidio
3181 4017 3582 4105 (¹),21-3o)
3616 4023 3681 4083 et

406 4146 507 4189 vv.
559 4123 854 4189 undecim
899 4122 1027 4207 (619
1072 4118 1161 4207 -Ι-
1206 4121 1443 4211 32539).
1537 4124 1712 4307 Quo[
1724 4123 1898 4185 facto
1947 4121 2152 4185 oritur
2196 4121 2354 4185 haec
2401 4123 2680 4204 partium
2726 4124 3182 4207 aequabilitas:

1714 4219 2178 4309 ÷1J÷2s
2287 4220 2575 4518 -1-l5

1517 4327 2575 4741 ΛΜΛ

1816 4757 2073 4846 4-1-3Ὰ
2127 4760 2429 4847 9·1,÷11
