4257 5461
1627 1795 2215 1929 Scidae
2336 1795 3363 1928 Horatianae.

2251 2036 2732 2101 ParticulaI.

1724 2191 1827 2256 De
1874 2190 2305 2267 emendanda
2349 2191 2615 2256 Horati
2661 2190 2973 2274 epistula
3018 2192 3083 2273 Ι,
3138 2189 3258 2257 14.

856 2567 1204 2686 versanti
1251 2623 1408 2684 mihi
1455 2623 1615 2685 satis
1663 2622 1772 2684 diu
1818 2622 2218 2704 multumque
2282 2622 2349 2683 in
2413 2621 2805 2684 carminibus
2852 2621 3080 2684 Horati
3140 2621 3329 2685 facile
3375 2622 3676 2704 apparuit
3720 2620 3954 2686 habere

860 2723 1003 2788 fata
1047 2746 1175 2788 non
1222 2725 1431 2789 solum
1476 2723 1729 2789 libellos
1776 2725 1886 2789 sed
1935 2726 2132 2788 etiam
2177 2727 2422 2807 poetaS‚
2470 2725 2777 2807 quoniam
2824 2724 3280 2790 diversissimis
3327 2747 3517 2809 saepe
3563 2725 4001 2807 iniquissimis·

861 2827 1214 2909 legentium
1280 2829 1534 2892 iudiciis
1595 2828 1829 2892 obiecti
1891 2833 2058 2891 sunt.
2152 2827 2349 2891 Cuius
2415 2829 2505 2891 rei
2565 2828 2622 2893 si
2681 2828 3025 2910 quisquam
3083 2828 3463 2893 documento
3511 2831 3642 2907 est,
3704 2829 3758 2892 is
3808 2833 3975 2892 certe

862 2932 1191 2995 Horatius.
1286 2934 1450 2995 Nam
1496 2936 1560 2996 et
1606 2932 1683 2996 de
1728 2932 2038 2996 facultate
2081 2933 2218 2995 eius
2265 2933 2519 3013 poetica
2564 2932 3090 3015 singulorumque
3135 2932 3489 2995 carminum
3547 2932 3624 2995 de
3670 2932 4009 2995 aestimati«

864 3035 1096 3099 mirum
1142 3017 1454 3117 quantum
1501 3036 1849 3116 ambigitur
1895 3039 1960 3098 et
1999 3037 2063 3098 in
2112 3035 2322 3097 verbis
2371 3035 2530 3117 ipsis
2576 3040 2803 3119 poetae
2849 3034 3268 3117 codicumque
3325 3056 3521 3097 manu
3567 3035 3948 3116 scriptorum
3995 3038 4013 3095 1

865 3138 1303 3217 addubitatur,
1354 3162 1483 3220 qua
1526 3140 1594 3201 in
1639 3160 1704 3202 re
1749 3138 2020 3201 nimium
2066 3136 2268 3200 fuisse
2315 3137 2526 3201 Hofm.
2575 3138 2983 3221 Peerlcamp‚
3047 3138 3424 3202 immodicos
3470 3137 3761 3201 Ribbeck
3809 3142 3871 3200 et
3919 3137 4019 3200 LeL

864 3243 1009 3323 quis
1056 3246 1155 3306 est
1199 3244 1354 3323 quin
1403 3243 1618 3305 sciat‘?
1710 3242 1992 3318 Quorum
2037 3261 2246 3304 errore
2291 3241 2575 3305 monitus
2623 3263 3015 3323 quamquam
3063 3242 3237 3305 omni
3282 3241 3529 3304 ratione
3560 3262 3782 3303 cavere
3816 3260 4023 3303 consu·

863 3366 943 3406 ne
1007 3343 1272 3406 libidine
1336 3365 1643 3425 praeceps
1705 3345 1872 3407 ferar
1936 3345 1992 3407 si
2046 3366 2212 3425 quae
2275 3343 2447 3426 apud
2506 3345 2842 3407 Horatium
2900 3343 3069 3407 falsa
3128 3326 3455 3406 invenisse
3515 3342 3672 3406 mihi
3730 3342 3906 3405 visus
3955 3365 4027 3405 su

862 3451 1080 3511 tamen
1123 3448 1422 3528 quotiens
1470 3449 1536 3510 in
1582 3448 1770 3530 primi
1815 3445 1963 3509 libri
2007 3446 2352 3528 epistulam
2397 3447 2539 3509 XIV
2585 3446 2817 3524 incidi,
2877 3445 2960 3509 ab
3019 3447 3233 3509 animo
3292 3446 3633 3528 impetrare
3679 3467 3809 3508 non
3855 3467 4032 3528 possi

865 3552 936 3609 ut
983 3555 1358 3631 corruptam·
1395 3574 1536 3616 eam
1583 3551 2174 3634 emendandamque
2222 3573 2361 3615 esse
2407 3573 2536 3614 non
2583 3550 2946 3614 existimem
2993 3550 3222 3613 ductus
3285 3570 3413 3612 non
3476 3552 3611 3612 tam
3674 3548 3947 3612 aliorum
4008 3572 4037 3630 q

866 3649 992 3730 ipsi
1015 3671 1267 3731 quoque
1293 3656 1359 3715 in
1381 3677 1457 3717 ea
1485 3654 1946 3738 offende1·unt*)
1988 3657 2371 3719 auctoritate
2396 3676 2588 3737 quam
2617 3654 2902 3735 ipsarum
2925 3674 3133 3715 rerum
3167 3650 3629 3733 verborumque
3663 3652 4040 3734 discrepant:

1171 3753 1356 3830 Quod
1380 3757 1638 3837 quidem
1670 3781 1796 3840 quo
1827 3761 1961 3823 iure
1993 3758 2248 3838 faciam,
2275 3761 2498 3842 paucis
2530 3756 2851 3839 explicare
2886 3755 3185 3819 conabor.
3257 3755 3463 3831 Quam
3489 3763 3622 3818 rem
3653 3756 3746 3818 ita
3779 3754 4044 3817 institua

863 3859 938 3921 ut
982 3858 1093 3938 qui
1139 3857 1264 3921 loci
1308 3880 1437 3920 non
1480 3858 1724 3924 ferendi
1769 3867 1833 3925 et
1891 3863 2212 3943 quomodo
2276 3860 2658 3926 emendandi
2719 3858 2878 3922 mihi
2932 3858 3269 3921 videantur
3336 3856 3589 3920 collatis
3652 3877 3970 3939 exponam
4032 3857 4049 3917 i

862 3982 1028 4041 quae
1072 3959 1365 4024 Ribbeck
1412 3965 1475 4025 et
1521 3962 1718 4026 Lehrs
1767 3963 1844 4027 de
1878 3963 1997 4027 hac
2030 3965 2309 4047 epistula
2342 3966 2645 4028 iudicant.
2739 3963 2800 4026 Ji
2837 3963 3006 4025 enim
3040 3961 3385 4044 plurimum
3416 3961 3483 4023 in
3515 3983 3590 4023 ea
3625 3960 4055 4023 elaboraveru]

863 4062 958 4124 ita
1002 4066 1217 4127 tamen
1264 4070 1336 4129 ut
1381 4088 1546 4147 quae
1591 4067 1699 4130 ille
1745 4068 2013 4150 protulit
2058 4068 2162 4130 hic
2209 4066 2541 4150 improbet.

1167 4170 1376 4250 Atque
1422 4174 1492 4232 ut
1540 4193 1575 4231 a
1608 4169 1924 4234 Ribbecki
1970 4175 2034 4233 et
2066 4170 2293 4234 Lehrsi
2324 4172 2708 4235 coniecturis
2744 4171 2977 4250 ordiar,
3024 4170 3180 4233 haec
3213 4170 3575 4233 habuerunt
3605 4191 3769 4251 quae
3802 4170 4057 4233 mutand

861 4275 1194 4333 censerent
1252 4271 1426 4335 brevi
1490 4274 1554 4334 in
1614 4279 1961 4356 conspectu
2019 4274 2262 4356 posita:
2334 4274 2623 4338 Ribbeck
2683 4276 2957 4357 primum
3023 4297 3118 4336 vv.
3172 4276 3338 4337 6—-9
3385 4277 3533 4356 post
3578 4296 3634 4336 v.
3684 4274 3770 4338 30
3815 4274 4057 4337 colloca

859 4374 933 4434 ut
978 4372 1060 4434 ad
1103 4397 1158 4435 v.
1208 4374 1247 4437 5
1295 4376 1728 4457 adiungantur
1774 4400 1870 4440 vv.
1924 4377 2196 4457 10-13‚
2268 4399 2383 4460 pro
2445 4378 2636 4442 verbo
2691 4379 2939 4462 „amat“
2993 4377 3341 4438 secundum
3386 4375 3634 4439 Bentlei
3680 4378 4057 4440 coniectura]

852 4475 1215 4542 ⁴substituto
1264 4481 1453 4544 verbo
1522 4481 1777 4560 „avet“;
1853 4481 2080 4544 deinde
2137 4504 2249 4564 pro
2312 4482 2504 4545 verbo
2573 4480 2949 4561 „causatur“
3006 4479 3088 4562 (v.
3143 4479 3246 4560 10)
3296 4479 3514 4559 legens
3570 4479 3978 4558 „causamur“
4033 4502 4057 4540 e

856 4580 1227 4644 Doederlini
1295 4584 1659 4647 coniectura
1718 4586 1885 4648 inter
1942 4608 2038 4646 vv.
2110 4587 2209 4665 13,
2257 4588 2337 4649 14
2399 4586 2750 4668 interponit
2811 4605 3063 4647 versum
3126 4583 3245 4659 313
3313 4586 3452 4645 tum
3511 4605 3608 4644 vv.
3658 4582 3912 4646 37—39
3963 4599 4057 4645 an]

1165 4751 1216 4819 *)
1268 4751 1385 4815 Quo
1423 4753 1480 4803 in
1517 4768 1747 4803 numero
1787 4757 1918 4804 sunt
1955 4754 2122 4809 Keck.
2162 4753 2350 4805 Ploen.
2422 4755 2584 4821 Prog.
2629 4755 2775 4818 1857,
2815 4768 2936 4820 pag.
2977 4753 3058 4803 23.

1266 4820 1327 4870 Η.
1365 4820 1554 4884 LehrS,
1597 4820 1827 4872 Jahrbb.
1871 4822 1905 4872 f.
1946 4821 2180 4888 Philolg.
2219 4822 2366 4886 1863,
2409 4838 2458 4887 p.
2502 4823 2616 4874 542.

1264 4888 1325 4937 H.
1366 4888 1554 4952 LehrS‚
1591 4889 1650 4953 Q.
1687 4889 1879 4940 Horat.
1920 4889 2100 4941 Flaco.
2176 4892 2341 4955 Lng.
2381 4890 2528 4942 1869.
3997 4953 4002 4954 ⁷

1265 4954 1324 5006 O.
1362 4956 1623 5018 Ribbeck,
1679 4957 1783 5007 Des
1822 4957 1881 5023 Q.
1921 4958 2110 5009 Horat.
2153 4958 2386 5009 Flaccus
2425 4957 2675 5023 Episteln
2713 4956 2826 5008 und
2865 4956 3020 5008 Buch
3058 4972 3162 5007 von
3204 4956 3299 5008 der
3338 4956 3690 5019 Dichtkunst,
3731 4953 3914 5004 Berlin
3956 4953 4054 5003 1853

3776 5056 3803 5105 1
